@article{rousset1990first,
  title={First diffraction-limited astronomical images with adaptive optics},
  author={Rousset, G. and Fontanella, J.-C. and Kern, P. and Gigan, P. and Rigaut, F.},
  journal={Astronomy and Astrophysics},
  volume={230},
  pages={L29--L32},
  year={1990}
}

@article{rigaut1998performance,
  title={Performance of the Canada-France-Hawaii Telescope Adaptive Optics Bonnette},
  author={Rigaut, F. and Salmon, D. and Arsenault, R. and Thomas, J. and Lai, O. and Rouan, D. and V{\'e}ran, J.-P. and Gigan, P. and Crampton, D. and others},
  journal={Publications of the Astronomical Society of the Pacific},
  volume={110},
  number={744},
  pages={152--164},
  year={1998}
}

@article{veran1997estimation,
  title={Estimation of the adaptive optics long-exposure point-spread function using control loop data},
  author={V{\'e}ran, J.-P. and Rigaut, F. and Ma{\^i}tre, H. and Rouan, D.},
  journal={JOSA A},
  volume={14},
  number={11},
  pages={3057--3069},
  year={1997}
}

@article{rigaut1992laser,
  title={Laser guide star in adaptive optics -- The tilt determination problem},
  author={Rigaut, F. and Gendron, E.},
  journal={Astronomy and Astrophysics},
  volume={261},
  pages={677--684},
  year={1992}
}

@article{lafreniere2008gemini,
  title={The Gemini deep planet survey},
  author={Lafreniere, D. and Doyon, R. and Marois, C. and Nadeau, D. and Oppenheimer, B.R. and Roche, P.F. and Rigaut, F. and Graham, J.R. and Jayawardhana, R. and Johnstone, D. and others},
  journal={The Astrophysical Journal},
  volume={670},
  number={2},
  pages={1367},
  year={2008}
}

@article{ellerbroek2000astronomy,
  title={Astronomy: Optics adapt to the whole sky},
  author={Ellerbroek, B.L. and Rigaut, F.},
  journal={Nature},
  volume={403},
  number={6765},
  pages={25--26},
  year={2000}
}

@article{bouvier1997pleiades,
  title={Pleiades low-mass binaries: do companions affect the evolution of protoplanetary disks?},
  author={Bouvier, J. and Rigaut, F. and Nadeau, D.},
  journal={Astronomy and Astrophysics},
  volume={323},
  pages={139--150},
  year={1997}
}

@article{rigaut1991adaptive,
  title={Adaptive optics on a 3.6-m telescope-Results and performance},
  author={Rigaut, F. and Rousset, G. and Kern, P. and Fontanella, J.-C. and Gaffard, J.-P. and Merkle, F. and L{\'e}na, P.},
  journal={Astronomy and Astrophysics},
  volume={250},
  pages={280--290},
  year={1991}
}

@article{ragazzoni1999modal,
  title={Modal tomography for adaptive optics},
  author={Ragazzoni, R. and Marchetti, E. and Rigaut, F.},
  journal={Astronomy and Astrophysics},
  volume={342},
  pages={L53--L56},
  year={1999}
}

@article{maillard2004nature,
  title={The nature of the Galactic Center source IRS 13 revealed by high spatial resolution in the infrared},
  author={Maillard, J.-P. and Paumard, T. and Stolovy, S.-R. and Rigaut, F.},
  journal={Astronomy and Astrophysics},
  volume={423},
  number={1},
  pages={155--167},
  year={2004}
}

@article{paumard2001new,
  title={New results on the helium stars in the galactic center using BEAR spectro-imagery},
  author={Paumard, T. and Maillard, J.-P. and Morris, M. and Rigaut, F.},
  journal={Astronomy and Astrophysics},
  volume={366},
  number={2},
  pages={466--480},
  year={2001}
}

@inproceedings{gilmozzi1998future,
  title={The future of filled aperture telescopes: is a 100m feasible},
  author={Gilmozzi, R. and Delabre, B. and Dierickx, P. and Hubin, N. and Koch, F. and Monnet, G. and Quattri, M. and Rigaut, F. and Wilson, R.N.},
  booktitle={Proc. SPIE},
  volume={3352},
  pages={778--791},
  year={1998}
}

@inproceedings{rigaut1998analytical,
  title={An analytical model for Shack-Hartmann-based adaptive optics systems},
  author={Rigaut, F. and Veran, J.-P. and Lai, O.},
  booktitle={proc. SPIE},
  volume={3353},
  pages={1038--1048},
  year={1998}
}

@inproceedings{rigaut2002ground,
  title={Ground-conjugate wide field adaptive optics for the ELTs},
  author={Rigaut, Fran{\c{c}}ois},
  booktitle={Beyond conventional adaptive optics},
  volume={58},
  pages={11--16},
  year={2002},
  publisher={Proc. ESO}
}

@inproceedings{rigaut2000principles,
  title={Principles, limitations, and performance of multiconjugate adaptive optics},
  author={Rigaut, F. and Ellerbroek, B.L. and Flicker, R.},
  booktitle={Proc. SPIE},
  volume={4007},
  pages={1022--1031},
  year={2000},
  organization={International Society for Optics and Photonics}
}

@article{rouan1998near,
  title={Near-IR images of the torus and micro-spiral structure in NGC 1068 using adaptive optics},
  author={Rouan, D. and Rigaut, F. and Alloin, D. and Doyon, R. and Lai, O. and Crampton, D. and Gendron, E. and Arsenault, R.},
  journal={Astronomy and Astrophysics},
  volume={339},
  pages={687--692},
  year={1998}
}

@article{ellerbroek2001methods,
  title={Methods for correcting tilt anisoplanatism in laser-guide-star-based multiconjugate adaptive optics},
  author={Ellerbroek, B.L. and Rigaut, F.},
  journal={JOSA A},
  volume={18},
  number={10},
  pages={2539--2547},
  year={2001}
}

@article{hammer1989giant,
  title={Giant luminous arcs from lensing-Determination of the mass distribution inside distant cluster cores},
  author={Hammer, F. and Rigaut, F.},
  journal={Astronomy and Astrophysics},
  volume={226},
  pages={45--56},
  year={1989}
}

@inproceedings{ellerbroek2003mcao,
  title={MCAO for Gemini-South},
  author={Ellerbroek, B.L. and Rigaut, F. and Bauman, B.J. and Boyer, C. and Browne, S.L. and Buchroeder, R.A. and Catone, J.W. and Clark, P. and others},
  booktitle={Proc. SPIE},
  volume={4839},
  pages={55--66},
  year={2003}
}

@article{rigaut1997comparison,
  title={Comparison of curvature-based and Shack-Hartmann-based adaptive optics for the Gemini telescope},
  author={Rigaut, F. and Ellerbroek, B.L. and Northcott, M.J.},
  journal={Applied optics},
  volume={36},
  number={13},
  pages={2856--2868},
  year={1997}
}

%@inproceedings{rousset1998design,
%  title={Design of the Nasmyth adaptive optics system (NAOS) of the VLT},
%  author={Rousset, G. and Lacombe, F. and Puget, P. and Hubin, N. N and Gendron, E. and Conan, J.-M. and Kern, P. Y and Madec, P.-Y. and others},
%  booktitle={Proc. SPIE},
%  volume={3353},
%  pages={508--516},
%  year={1998}
%}

@article{cox1997molecular,
  title={Molecular hydrogen morphology, kinematics and excitation in AFGL 2688 and NGC 7027.},
  author={Cox, P. and Maillard, J.-P. and Huggins, P.J. and Forveille, T. and Simons, D. and Guilloteau, S. and Rigaut, F. and Bachiller, R. and Omont, A.},
  journal={Astronomy and Astrophysics},
  volume={321},
  pages={907--920},
  year={1997}
}

@inproceedings{flicker2000comparison,
  title={Comparison of multiconjugate adaptive optics configurations and control algorithms for the Gemini South 8-m telescope},
  author={Flicker, R. and Rigaut, F. and Ellerbroek, B.L.},
  booktitle={Proc. SPIE},
  volume={4007},
  pages={1032--1043},
  year={2000},
  organization={International Society for Optics and Photonics}
}

@article{markovitsi1987one,
  title={One-dimensional energy migration in crystalline and columnar liquid-crystalline phases of 2,3,6,7,10,11-hexa-n-hexyloxytriphenylene},
  author={Markovitsi, D. and Rigaut, F. and Mouallem, M. and Malth{\^e}te, J.},
  journal={Chemical Physics Letters},
  volume={135},
  number={3},
  pages={236--242},
  year={1987}
}

@inproceedings{ellerbroek2000scaling,
  title={Scaling multi-conjugate adaptive optics performance estimates to extremely large telescopes},
  author={Ellerbroek, B.L. and Rigaut, F.},
  booktitle={Proc SPIE},
  volume={4007},
  pages={1088--1099},
  year={2000}
}

@article{olsen2007star,
  title={The Star Formation Histories of the Bulge and Disk of M31 from Resolved Stars in the Near-IR},
  author={Olsen, K. and Blum, R.D. and Stephens, A.W. and Davidge, T.J. and Massey, P. and Strom, S.E. and Rigaut, F.},
  journal={The Astronomical Journal},
  volume={132},
  number={1},
  pages={271},
  year={2007}
}

% @inproceedings{duschl1995morhology,
%   title={Morphology and kinematics of eta Carinae},
%   author={Duschl, W.J. and Hofmann, K.-H. and Rigaut, F. and Weigelt, G.},
%   booktitle={Revista Mexicana de Astronomia y Astrofisica Serie de Conferencias},
%   volume={2},
%   pages={17},
%   year={1995}
% }

@article{saint1993ceres,
  title={Ceres surface properties by high-resolution imaging from Earth},
  author={Saint-Pe, O. and Combes, M. and Rigaut, F.},
  journal={Icarus},
  volume={105},
  number={2},
  pages={271--281},
  year={1993}
}

@article{clenet2001adaptive,
  title={Adaptive optics-band observations of the Galactic Center region},
  author={Cl{\'e}net, Y. and Rouan, D. and Gendron, E. and Montri, J. and Rigaut, F. and L{\'e}na, P. and Lacombe, F.},
  journal={Astronomy and Astrophysics},
  volume={376},
  number={1},
  pages={124--135},
  year={2001}
}

@article{davidge1997stellar,
  title={The stellar content near the Galactic center},
  author={Davidge, T.J. and Simons, D.A. and Rigaut, F. and Doyon, R. and Crampton, D.},
  journal={The Astronomical Journal},
  volume={114},
  number={6},
  pages={2586--2595},
  year={1997}
}

@article{davidge1997high,
  title={High Spatial Resolution Near-Infrared Imaging of the Central Regions of M31},
  author={Davidge, T.J. and Rigaut, F. and Doyon, R. and Crampton, D.},
  journal={The Astronomical Journal},
  volume={113},
  pages={2094},
  year={1997}
}

% @article{perrin2006interferometric,
%   title={Interferometric coupling of the Keck telescopes with single-mode fibers},
%   author={Perrin, G. and Woillez, J. and Lai, O. and Gu{\'e}rin, J. and Kotani, T. and Wizinowich, P.L. and Le Mignant, D. and Hrynevych, M. and Gathright, J. and L{\'e}na, P. and others},
%   journal={Science},
%   volume={311},
%   number={5758},
%   pages={194--194},
%   year={2006}
% }

@article{rigaut2013gemini,
  title={Gemini multiconjugate adaptive optics system review--I. Design, trade-offs and integration},
  author={Rigaut, F. and Neichel, B. and Boccas, M. and d'Orgeville, C. and Vidal, F. and van Dam, M. A and Arriagada, G. and Fesquet, V. and others},
  journal={Monthly Notices of the Royal Astronomical Society},
  pages={stt2054},
  year={2013},
  publisher={Oxford University Press}
}

@article{neichel2014gemini,
  title={Gemini multiconjugate adaptive optics system review--II. Commissioning, operation and overall performance},
  author={Neichel, B. and Rigaut, F. and Vidal, F. and van Dam, M. A and Garrel, V. and Carrasco, E.R. and Pessev, P. and Winge, C. and others},
  journal={Monthly Notices of the Royal Astronomical Society},
  volume={440},
  number={2},
  pages={1002--1019},
  year={2014},
  publisher={Oxford University Press}
}


%@inproceedings{rigaut1994canada,
%  title={Canada-France-Hawaii Telescope adaptive optics bonnette II: simulations and control},
%  author={Rigaut, F. and Arsenault, R. and Kerr, J.M. and Salmon, D.A. and Northcott, M.J. and Dutil, Y. and Boyer, C.},
%  booktitle={Proc. SPIE},
%  volume={2201},
%  pages={149--160},
%  year={1994}
%}

%@inproceedings{thatte1998sinfoni,
%  title={SINFONI: a near-infrared AO-assisted integral field spectrometer for the VLT},
%  author={Thatte, N. A and Tecza, M. and Eisenhauer, F. and Mengel, S. and Krabbe, A. and Pak, S and Genzel, R. and Bonaccini, D. and Emsellem, E. and Rigaut, F. and others},
%  booktitle={Proc. SPIE},
%  volume=3353,
%  pages={704--715},
%  year={1998},
%  organization={International Society for Optics and Photonics}
%}

@inproceedings{bonaccini1998adaptive,
  title={Adaptive optics for ESO VLT interferometer},
  author={Bonaccini, D. and Rigaut, F. and Glindemann, A. and Dudziak, G. and Mariotti, J.-M. and Paresce, F.},
  booktitle={Proc. SPIE},
  volume={3353},
  pages={224--232},
  year={1998}
}

%@inproceedings{boccas2006laser,
%  title={Laser guide star upgrade of Altair at Gemini North},
%  author={Boccas, M. and Rigaut, F. and Bec, M. and Irarrazaval, B. and James, E. and Ebbers, A. and d’Orgeville, C. and Grace, K. and Arriagada, G. and Karewicz, S. and others},
%  booktitle={Proc. SPIE},
%  volume={6272},
%  pages={62723L},
%  year={2006}
%}
%
%@inproceedings{neichel2010gemini,
%  title={The Gemini MCAO System GeMS: nearing the end of a lab-story},
%  author={Neichel, B. and Rigaut, F. and Bec, M. and Boccas, M. and Daruich, F. and d’Orgeville, C. and Fesquet, V. and Galvez, R. and Garcia-Rissmann, A. and Gausachs, G. and others},
%  booktitle={proc. SPIE},
%  volume={7736},
%  pages={773606},
%  year={2010}
%}
%
%@inproceedings{arsenault1994pueo,
%  title={PUEO: the Canada-France-Hawaii Telescope adaptive optics bonnette I: system description},
%  author={Arsenault, R. and Salmon, D.A. and Kerr, J.M. and Rigaut, F. and Crampton, D. and Grundmann, W.A.},
%  booktitle={Proc. SPIE},
%  volume={2201},
%  pages={833--842},
%  year={1994}
%}
%
%@inproceedings{rigaut1995inner,
%  title={The inner core of eta Carinae in the near infrared.},
%  author={Rigaut, F. and Gehring, G.},
%  booktitle={Revista Mexicana de Astronomia y Astrofisica Conference Series},
%  volume={2},
%  pages={27--35},
%  year={1995}
%}
%
%@inproceedings{veran1998deconvolution,
%  title={A deconvolution method for accurate astrometry and photometry on adaptive optics imagers of stellar fields},
%  author={V\'eran, J.-P. and Rigaut, F.},
%  booktitle={Proc. SPIE},
%  volume={3353},
%  pages={426--437},
%  year={1998}
%}
%
%@article{malbet1993detection,
%  title={Detection of a 400-AU Disk like Structure Surrounding the Young Stellar Object Z-Canis},
%  author={Malbet, F. and Rigaut, F. and Bertout, C. and Lena, P.},
%  journal={Astronomy and Astrophysics},
%  volume={271},
%  pages={L9},
%  year={1993}
%}
%
%@article{saint1993demonstration,
%  title={Demonstration of adaptive optics for resolved imagery of solar system objects: preliminary results on Pallas and Titan},
%  author={Saint-P{\'e}, O. and Combes, M. and Rigaut, F. and Tomasko, M. and Fulchignoni, M.},
%  journal={Icarus},
%  volume={105},
%  number={2},
%  pages={263--270},
%  year={1993}
%}
%
%@article{steinbring2002characterizing,
%  title={Characterizing the Adaptive Optics Off-Axis Point-Spread Function. I. A Semiempirical Method for Use in Natural Guide Star Observations1, 2},
%  author={Steinbring, E. and Faber, S.M. and Hinkley, S. and Macintosh, B.A. and Gavel, D. and Gates, E.L. and Christou, J.C. and Le Louarn, M. and Raschke, L.M. and Severson, S.A. and others},
%  journal={Publications of the Astronomical Society of the Pacific},
%  volume={114},
%  number={801},
%  pages={1267--1280},
%  year={2002}
%}
%
%@inproceedings{graves2000first,
%  title={First light for Hokupa'a 36 on Gemini North},
%  author={Graves, J.E. and Northcott, M.J. and Roddier, F.J. and Roddier, C.A. and Potter, D. and O'Connor, D.J. and Rigaut, F. and Chun, M.R.},
%  booktitle={Proc. SPIE},
%  volume={4007},
%  pages={26--30},
%  year={2000},
%  organization={International Society for Optics and Photonics}
%}
%
%@article{lai1998adaptive,
%  title={Adaptive optics observations of ultra-luminous infrared galaxies I. J, H, K images of Mkn 231},
%  author={Lai, O. and Rouan, D. and Rigaut, F. and Arsenault, R. and Gendron, E.},
%  journal={Astronomy and Astrophysics},
%  volume={334},
%  pages={783--788},
%  year={1998}
%}
%
%@article{hammer1989probable,
%  title={Probable additional gravitational images related to the CL 2244-02 arc and B, V, R photometry of the cluster core},
%  author={Hammer, F. and Rigaut, F. and Le Fevre, O. and Jones, J. and Soucail, G.},
%  journal={Astronomy and Astrophysics},
%  volume={208},
%  pages={L7--L10},
%  year={1989}
%}
%
%@article{geballe2008k,
%  title={The K-band spectrum of the hot star in irs 8: An outsider in the galactic center?},
%  author={Geballe, T.R. and Najarro, F. and Rigaut, F. and Roy, J.-R.},
%  journal={The Astrophysical Journal},
%  volume={652},
%  number={1},
%  pages={370},
%  year={2008}
%}
%
%@article{melatos2008near,
%  title={Near-infrared, kilosecond variability of the wisps and jet in the crab pulsar wind nebula},
%  author={Melatos, A. and Scheltus, D. and Whiting, M.T. and Eikenberry, S.S. and Romani, R.W. and Rigaut, F. and Spitkovsky, A. and Arons, J. and Payne, D.J.B.},
%  journal={The Astrophysical Journal},
%  volume={633},
%  number={2},
%  pages={931},
%  year={2008}
%}
%
%@article{ribak1994asteroids,
%  title={Asteroids as reference stars for high resolution astronomy},
%  author={Ribak, E.N. and Rigaut, F.},
%  journal={Astronomy and Astrophysics},
%  volume={289},
%  pages={L47--L50},
%  year={1994}
%}
%
%@inproceedings{rousset1990adaptive,
%  title={Adaptive optics prototype system for infrared astronomy, I. System description},
%  author={Rousset, G. and Fontanella, J.-C. and Kern, P. and L\'ena, P. and Gigan, P. and Rigaut, F. and Gaffard, J.-P. and Boyer, C. and Jagourel, P. and Merkle, F.},
%  booktitle={Proc. SPIE},
%  volume={1237},
%  pages={336--344},
%  year={1990}
%}
%
%@article{angonin1999origin,
%  title={About the origin of extinction in the gravitational lens system MG J0414+ 0534},
%  author={Angonin-Willaime, M.-C. and Vanderriest, C. and Courbin, F. and Burud, I. and Magain, P. and Rigaut, F.},
%  journal={Astronomy and Astrophysics},
%  volume={347},
%  pages={434--441},
%  year={1999}
%}
%
%@article{geballe2008bow,
%  title={A Bow Shock of Heated Dust Surrounding Galactic Center Source IRS 8},
%  author={Geballe, T.R. and Rigaut, F. and Roy, J.-R. and Draine, B.T.},
%  journal={The Astrophysical Journal},
%  volume={602},
%  number={2},
%  pages={770},
%  year={2008}
%}
%
%@article{olsen2007stellar,
%  title={Stellar Crowding and the Science Case for Extremely Large Telescopes},
%  author={Olsen, K.A.G. and Blum, R.D. and Rigaut, F.},
%  journal={The Astronomical Journal},
%  volume={126},
%  number={1},
%  pages={452},
%  year={2007}
%}
%
%@article{lai1999adaptive,
%  title={Adaptive optics observations of luminous infrared galaxies. II. Imaging of the merging galaxy Arp 299},
%  author={Lai, O. and Rouan, D. and Rigaut, F. and Doyon, R. and Lacombe, F.},
%  journal={Astronomy and Astrophysics},
%  volume={351},
%  pages={834--840},
%  year={1999}
%}
%
%@inproceedings{stoesz2004evaluation,
%  title={Evaluation of the on-sky performance of Altair},
%  author={Stoesz, J.A. and V\'eran, J.-P. and Rigaut, F. and Herriot, G. and Jolissaint, L. and Frenette, D. and Dunn, J. and Smith, M.},
%  booktitle={Proc. SPIE},
%  volume={5490},
%  pages={67--78},
%  year={2004},
%  organization={International Society for Optics and Photonics}
%}
%
%@inproceedings{artigau2008nici,
%  title={NICI: combining coronagraphy, ADI, and SDI},
%  author={Artigau, E. and Biller, B.A. and Wahhaj, Z. and Hartung, M. and Hayward, T.L. and Close, L.M. and Chun, M.R. and Liu, M.C. and Trancho, G. and Rigaut, F. and others},
%  booktitle={Proc. SPIE},
%  volume={7014},
%  pages={70141Z--70141Z},
%  year={2008},
%  organization={International Society for Optics and Photonics}
%}
%
%@book{kern1990adaptive,
%  title={Adaptive optics prototype system for infrared astronomy, I: system description},
%  author={Kern, P. and L\'ena, P.J. and Gigan, P. and Rigaut, F. and Fontanella, J.-C. and Gaffard, J.-P. and Boyer, C. and Jagourel, P. and Merkle, F. and Tyson, R.K. and others},
%  booktitle={Proc. SPIE},
%  year={1990}
%}
%
%@article{flicker2005anisoplanatic,
%  title={Anisoplanatic deconvolution of adaptive optics images},
%  author={Flicker, R.C. and Rigaut, F.},
%  journal={JOSA A},
%  volume={22},
%  number={3},
%  pages={504--513},
%  year={2005}
%}
%
%@article{rigaut1992visible,
%  title={Visible and infrared wavefront sensing for astronomical adaptive optics},
%  author={Rigaut, F. and Cuby, J.-G. and Caes, M. and Monin, J.-L. and Vittot, M. and Richard, J.-C. and Rousset, G. and L\'ena, P.},
%  journal={Astronomy and Astrophysics},
%  volume={259},
%  pages={L57--L60},
%  year={1992}
%}
%
%@inproceedings{kern1990adaptive2,
%  title={Adaptive optics prototype system for IR astronomy II. First observing results},
%  author={Kern, P. and Rigaut, F. and L\'ena, P. and Merkle, F. and Rousset, G.},
%  booktitle={Proc. SPIE},
%  volume={1237},
%  pages={345--355},
%  year={1990}
%}
%
%@article{merkle1989successful,
%  title={Successful tests of adaptive optics.},
%  author={Merkle, F. and Kern, P. and L\'ena, P. and Rigaut, F. and Fontanella, J.-C. and Rousset, G. and Boyer, C. and Gaffard, J.-P. and Jagourel, P.},
%  journal={The Messenger},
%  volume={58},
%  pages={1--4},
%  year={1989}
%}
%
%@inproceedings{bec2008gemini,
%  title={The Gemini MCAO bench: system overview and lab integration},
%  author={Bec, M. and Rigaut, F. and Galvez, R. and Arriagada, G. and Boccas, M. and Gausachs, G. and Gratadour, D. and James, E. and Rojas, R. and Rogers, R. and others},
%  booktitle={Proc. SPIE},
%  volume={7015},
%  pages={701568--1},
%  year={2008}
%}
%
%@article{hammer1995imaging,
%  title={Imaging and spectroscopy of B 1422+ 231 at CFHT: identification of the mirage and of the lensing galaxy at z= 0.647.},
%  author={Hammer, F. and Rigaut, F. and Angonin-Willaime, M.-C. and Vanderriest, C.},
%  journal={Astronomy and Astrophysics},
%  volume={298},
%  pages={737},
%  year={1995}
%}
%
%@inproceedings{boccas2008gems,
%  title={GeMS: Gemini Mcao System: current status and commissioning plans},
%  author={Boccas, M. and Rigaut, F. and Gratadour, D. and d'Orgeville, C. and Bec, M. and Daruich, F. and Perez, G. and Arriagada, G. and Bombino, S. and Carter, C. and others},
%  booktitle={Proc. SPIE},
%  volume={7015},
%  pages={70150X},
%  year={2008}
%}
%
%@inproceedings{carbillet1999la3os2,
%  title={La3os2: a software package for laser guide star adaptive optics systems},
%  author={Carbillet, M. and Femenia, B. and Delplancke, F. and Esposito, S. and Fini, L. and Riccardi, A. and Vernet-Viard, E. and Hubin, N. and Rigaut, F.},
%  booktitle={Proc. SPIE},
%  volume={3762},
%  pages={378--389},
%  year={1999},
%  organization={International Society for Optics and Photonics}
%}
%
%@inproceedings{lai1997cfht,
%  title={CFHT adaptive optics: first results at the telescope},
%  author={Lai, O. and V\'eran, J.-P. and Rigaut, F. and Rouan, D. and Gigan, P. and Lacombe, F. and L\'ena, P.J. and Arsenault, R. and Salmon, D.A. and Thomas, J. and others},
%  booktitle={Optical Telescopes of Today and Tomorrow},
%  pages={859--870},
%  year={1997}
%}
%
%@inproceedings{gendron1991come,
%  title={Come-On-Plus project: an upgrade of the Come-On adaptive optics prototype system},
%  author={Gendron, E. and Cuby, J.-G. and Rigaut, F and L\'ena, P.J. and Fontanella, J.-C. and Rousset, G. and Gaffard, J.-P. and Boyer, C. and Richard, J.-C. and Vittot, M. and others},
%  booktitle={Proc. SPIE},
%  volume={1542},
%  pages={297--307},
%  year={1991}
%}
%
%@article{beletic2005ultimate,
%  title={The Ultimate CCD for Laser guide star wavefront sensing on Extremely Large Telescopes},
%  author={Beletic, J.W. and Adkins, S. and Burke, B. and Reich, R. and Kosicki, B. and Suntharalingham, V. and Bleau, C. and DuVarney, R. and Stover, R. and Nelson, J. and others},
%  journal={Experimental Astronomy},
%  volume={19},
%  number={1},
%  pages={103--109},
%  year={2005}
%}

%@inproceedings{rigaut2012gems,
%  title={GeMS: first on-sky results},
%  author={Rigaut, F. and Neichel, B. and Boccas, M. and d'Orgeville, C. and Arriagada, G. and Fesquet, V. and Diggs, S.J. and Marchant, C. and Gausach, G. and Rambold, W.N. and others},
%  booktitle={Proc. SPIE},
%  volume={8447},
%  pages={84470I--84470I},
%  year={2012}
%}
