@article{rigaut2015astronomical,
  title={Astronomical Adaptive Optics},
  author={Rigaut, Fran{\c{c}}ois},
  journal={Publications of the Astronomical Society of the Pacific},
  volume={127},
  number={958},
  pages={1197},
  year={2015},
  publisher={IOP Publishing}
}

@article{rigaut2013gemini,
  title={Gemini multiconjugate adaptive optics system review--I. Design, trade-offs and integration},
  author={Rigaut, Fran{\c{c}}ois and Neichel, Benoit and Boccas, Maxime and d'Orgeville, C{\'e}line and Vidal, Fabrice and van Dam, Marcos A and Arriagada, Gustavo and Fesquet, Vincent and Galvez, Ramon L and Gausachs, Gaston and others},
  journal={Monthly Notices of the Royal Astronomical Society},
  volume={437},
  pages={2361-2375},
  year={2014},
  publisher={Oxford University Press}
}

@inproceedings{rigaut2002ground,
  title={Ground-conjugate wide field adaptive optics for the ELTs},
  author={Rigaut, Fran{\c{c}}ois},
  journal={Beyond conventional adaptive optics},
  booktitle={Beyond conventional adaptive optics},
  volume={58},
  pages={11--16},
  year={2002},
  publisher={Proc. ESO}
}

@article{rigaut1998performance,
  title={Performance of the Canada-France-Hawaii Telescope Adaptive Optics Bonnette},
  author={Rigaut, Francois and Salmon, D and Arsenault, R and Thomas, J and Lai, O and Rouan, D and V{\'e}ran, JP and Gigan, P and Crampton, David and Fletcher, JM and others},
  journal={Publications of the Astronomical Society of the Pacific},
  volume={110},
  number={744},
  pages={152--164},
  year={1998},
  publisher={JSTOR}
}

@article{rousset1990first,
  title={First diffraction-limited astronomical images with adaptive optics},
  author={Rousset, G and Fontanella, JC and Kern, P and Gigan, P and Rigaut, F},
  journal={Astronomy and Astrophysics},
  volume={230},
  pages={L29--L32},
  year={1990}
}

@article{veran1997estimation,
  title={Estimation of the adaptive optics long-exposure point-spread function using control loop data},
  author={V{\'e}ran, Jean-Pierre and Rigaut, Fran{\c{c}}ois and Ma{\^\i}tre, Henri and Rouan, Daniel},
  journal={JOSA A},
  volume={14},
  number={11},
  pages={3057--3069},
  year={1997},
  publisher={Optical Society of America}
}

@article{rigaut1992laser,
  title={Laser guide star in adaptive optics-The tilt determination problem},
  author={Rigaut, F and Gendron, E},
  journal={Astronomy and Astrophysics},
  volume={261},
  pages={677--684},
  year={1992}
}

@article{lafreniere2008gemini,
  title={The Gemini deep planet survey},
  author={Lafreniere, David and Doyon, Ren{\'e} and Marois, Christian and Nadeau, Daniel and Oppenheimer, Ben R and Roche, Patrick F and Rigaut, Fran{\c{c}}ois and Graham, James R and Jayawardhana, Ray and Johnstone, Doug and others},
  journal={The Astrophysical Journal},
  volume={670},
  number={2},
  pages={1367},
  year={2008},
  publisher={IOP Publishing}
}

@article{bouvier1997pleiades,
  title={Pleiades low-mass binaries: do companions affect the evolution of protoplanetary disks?},
  author={Bouvier, J and Rigaut, F and Nadeau, D},
  journal={Astronomy and Astrophysics},
  volume={323},
  pages={139--150},
  year={1997}
}

@article{rigaut1991adaptive,
  title={Adaptive optics on a 3.6-m telescope-Results and performance},
  author={Rigaut, F and Rousset, G and Kern, P and Fontanella, JC and Gaffard, JP and Merkle, F and L{\'e}na, P},
  journal={Astronomy and Astrophysics},
  volume={250},
  pages={280--290},
  year={1991}
}

@article{ragazzoni1999modal,
  title={Modal tomography for adaptive optics},
  author={Ragazzoni, Roberto and Marchetti, Enrico and Rigaut, Fran{\c{c}}ois},
  journal={Astronomy and Astrophysics},
  volume={342},
  pages={L53--L56},
  year={1999}
}

@article{paumard2001new,
  title={New results on the helium stars in the galactic center using BEAR spectro-imagery},
  author={Paumard, T and Maillard, JP and Morris, M and Rigaut, F},
  journal={Astronomy and Astrophysics},
  volume={366},
  number={2},
  pages={466--480},
  year={2001}
}

@article{maillard2004nature,
  title={The nature of the Galactic Center source IRS 13 revealed by high spatial resolution in the infrared},
  author={Maillard, JP and Paumard, T and Stolovy, SR and Rigaut, F},
  journal={Astronomy and Astrophysics},
  volume={423},
  number={1},
  pages={155--167},
  year={2004},
  publisher={EDP Sciences}
}

@inproceedings{rigaut1998analytical,
  title={Analytical model for Shack-Hartmann-based adaptive optics systems},
  author={Rigaut, Francois J and Veran, Jean-Pierre and Lai, Olivier},
  journal={proc. SPIE},
  volume={3353},
  pages={1038--1048},
  year={1998},
  booktitle={Proc. SPIE},
  publisher={Proc. SPIE}
}

@article{rouan1998near,
  title={Near-IR images of the torus and micro-spiral structure in NGC 1068 using adaptive optics},
  author={Rouan, D and Rigaut, F and Alloin, D and Doyon, R and Lai, O and Crampton, D and Gendron, E and Arsenault, R},
  journal={arXiv preprint astro-ph/9807053},
  year={1998}
}

@inproceedings{gilmozzi1998future,
  title={The future of filled aperture telescopes: is a 100m feasible},
  author={Gilmozzi, Roberto and Delabre, Bernard and Dierickx, Philippe and Hubin, N and Koch, Franz and Monnet, Guy and Quattri, Marco and Rigaut, F and Wilson, Raymond N},
  journal={Proc. SPIE},
  volume={3352},
  pages={778--791},
  booktitle={Proc. SPIE},
  year={1998}
}

@article{ellerbroek2001methods,
  title={Methods for correcting tilt anisoplanatism in laser-guide-star-based multiconjugate adaptive optics},
  author={Ellerbroek, Brent L and Rigaut, Fran{\c{c}}ois},
  journal={JOSA A},
  volume={18},
  number={10},
  pages={2539--2547},
  year={2001},
  publisher={Optical Society of America}
}

@article{hammer1989giant,
  title={Giant luminous arcs from lensing-Determination of the mass distribution inside distant cluster cores},
  author={Hammer, F and Rigaut, F},
  journal={Astronomy and Astrophysics},
  volume={226},
  pages={45--56},
  year={1989}
}

@inproceedings{ellerbroek2003mcao,
  title={MCAO for Gemini-South},
  author={Ellerbroek, Brent L and Rigaut, Francois J and Bauman, Brian J and Boyer, Corinne and Browne, Stephen L and Buchroeder, Richard A and Catone, James W and Clark, Paul and d'Orgeville, Celine and Gavel, Donald T and others},
  journal={Proceedings of SPIE},
  volume={4839},
  pages={55--66},
  booktitle={Proc. SPIE},
  year={2003}
}

@article{rigaut1997comparison,
  title={Comparison of curvature-based and Shack-Hartmann-based adaptive optics for the Gemini telescope},
  author={Rigaut, Fran{\c{c}}ois and Ellerbroek, Brent L and Northcott, Malcolm J},
  journal={Applied optics},
  volume={36},
  number={13},
  pages={2856--2868},
  year={1997},
  publisher={Optical Society of America}
}

@inproceedings{rousset1998design,
  title={Design of the Nasmyth adaptive optics system (NAOS) of the VLT},
  author={Rousset, Gerard and Lacombe, Francois and Puget, Pascal and Hubin, Norbert N and Gendron, Eric and Conan, Jean-Marc and Kern, Pierre Y and Madec, Pierre-Yves and Rabaud, Didier and Mouillet, David and others},
  booktitle={Proc. SPIE},
  volume=3353,
  pages={508--516},
  year={1998},
  organization={International Society for Optics and Photonics}
}

@article{cox1997molecular,
  title={Molecular hydrogen morphology, kinematics and excitation in AFGL 2688 and NGC 7027.},
  author={Cox, P and Maillard, J-P and Huggins, PJ and Forveille, T and Simons, D and Guilloteau, S and Rigaut, F and Bachiller, R and Omont, A},
  journal={Astronomy and Astrophysics},
  volume={321},
  pages={907--920},
  year={1997}
}

@article{markovitsi1987one,
  title={One-dimensional energy migration in crystalline and columnar liquid-crystalline phases of 2,3,6,7,10,11-hexa-n-hexyloxytriphenylene},
  author={Markovitsi, Dimitra and Rigaut, Francois and Mouallem, Mona and Malth{\^e}te, Jacques},
  journal={Chemical Physics Letters},
  volume={135},
  number={3},
  pages={236--242},
  year={1987}
}

@article{olsen2007star,
  title={The Star Formation Histories of the Bulge and Disk of M31 from Resolved Stars in the Near-Infrared},
  author={Olsen, Knut AG and Blum, Robert D and Stephens, Andrew W and Davidge, Tim J and Massey, Philip and Strom, Stephen E and Rigaut, Fran{\c{c}}ois},
  journal={The Astronomical Journal},
  volume={132},
  number={1},
  pages={271},
  year={2007},
  publisher={IOP Publishing}
}

@article{duschl1994morhology,
  title={Morphology and kinematics of eta Carinae},
  author={Duschl, WJ and Hofmann, K-H and Rigaut, F and Weigelt, G},
  journal={arXiv preprint astro-ph/9410090},
  year={1994}
}

@article{saint1993ceres,
  title={Ceres surface properties by high-resolution imaging from Earth},
  author={Saint-Pe, O and Combes, M and Rigaut, F},
  journal={Icarus},
  volume={105},
  number={2},
  pages={271--281},
  year={1993},
  publisher={Elsevier}
}

@article{clenet2001adaptive,
  title={Adaptive optics-band observations of the Galactic Center region},
  author={Cl{\'e}net, Y and Rouan, D and Gendron, E and Montri, J and Rigaut, F and L{\'e}na, P and Lacombe, F},
  journal={Astronomy and Astrophysics},
  volume={376},
  number={1},
  pages={124--135},
  year={2001}
}

@article{davidge1997stellar,
  title={The stellar content near the Galactic center},
  author={Davidge, TJ and Simons, DA and Rigaut, F and Doyon, R and Crampton, D},
  journal={arXiv preprint astro-ph/9710146},
  year={1997}
}


@article{davidge1997high,
  title={High Spatial Resolution Near-Infrared Imaging of the Central Regions of M31},
  author={Davidge, TJ and Rigaut, F and Doyon, R and Crampton, D},
  journal={The Astronomical Journal},
  volume={113},
  pages={2094},
  year={1997}
}

@article{perrin2006interferometric,
  title={Interferometric coupling of the Keck telescopes with single-mode fibers},
  author={Perrin, G and Woillez, J and Lai, O and Gu{\'e}rin, J and Kotani, T and Wizinowich, PL and Le Mignant, D and Hrynevych, M and Gathright, J and L{\'e}na, P and others},
  journal={Science},
  volume={311},
  number={5758},
  pages={194--194},
  year={2006},
  publisher={American Association for the Advancement of Science}
}

@inproceedings{rigaut1994canada1,
  title={Canada-France-Hawaii Telescope adaptive optics bonnette II: simulations and control},
  author={Rigaut, Francois J and Arsenault, Robin and Kerr, John M and Salmon, Derrick A and Northcott, Malcolm J and Dutil, Yvan and Boyer, Corinne},
  journal={Adaptive Optics in Astronomy},
  volume={2201},
  pages={149--160},
  year={1994},
  booktitle={Proc. SPIE},
  publisher={Proc. SPIE}
}

@inproceedings{bonaccini1998adaptive,
  title={Adaptive optics for ESO VLT interferometer},
  author={Bonaccini, Domenico and Rigaut, Francois and Glindemann, Andreas and Dudziak, Gregory and Mariotti, Jean-Marie and Paresce, Francesco},
  journal={Proc. SPIE},
  booktitle={Proc. SPIE},
  volume={3353},
  pages={224--232},
  year={1998}
}

@inproceedings{boccas2006laser,
  title={Laser guide star upgrade of Altair at Gemini North},
  author={Boccas, Maxime and Rigaut, Francois and Bec, Matthieu and Irarrazaval, Benjamin and James, Eric and Ebbers, Angelic and d’Orgeville, Celine and Grace, Kenny and Arriagada, Gustavo and Karewicz, Stan and others},
  journal={Proc. Spie},
  booktitle={Proc. SPIE},
  volume={6272},
  pages={62723L},
  year={2006}
}

@inproceedings{neichel2010gemini,
  title={The Gemini MCAO System GeMS: nearing the end of a lab-story},
  author={Neichel, B and Rigaut, F and Bec, M and Boccas, M and Daruich, F and D’Orgeville, C and Fesquet, V and Galvez, R and Garcia-Rissmann, A and Gausachs, G and others},
  journal={proc. SPIE},
  booktitle={Proc. SPIE},
  volume={7736},
  pages={773606},
  year={2010}
}

@inproceedings{arsenault1994pueo,
  title={PUEO: the Canada-France-Hawaii Telescope adaptive optics bonnette I: system description},
  author={Arsenault, Robin and Salmon, Derrick A and Kerr, John M and Rigaut, Francois J and Crampton, David and Grundmann, Walter A},
  booktitle={Proc. SPIE},
  volume={2201},
  pages={833--842},
  year={1994}
}

@inproceedings{rigaut1995inner,
  title={The inner core of eta Carinae in the near infrared.},
  author={Rigaut, F and Gehring, G},
  booktitle={Revista Mexicana de Astronomia y Astrofisica Conference Series},
  volume={2},
  pages={27--35},
  year={1995}
}

@inproceedings{veran1998deconvolution,
  title={A deconvolution method for accurate astrometry and photometry on adaptive optics imagers of stellar fields},
  author={Veran, Jean-Pierre and Rigaut, Francois},
  journal={Proc. Spie},
  booktitle={Proc. SPIE},
  volume={3353},
  pages={426--437},
  year={1998}
}

@article{malbet1993detection,
  title={Detection of a 400-AU Disk like Structure Surrounding the Young Stellar Object Z-Canis},
  author={Malbet, F and Rigaut, F and Bertout, C and Lena, P},
  journal={Astronomy and Astrophysics},
  volume={271},
  pages={L9},
  year={1993}
}

@article{chun2008performance,
  title={Performance of the near-infrared coronagraphic imager on Gemini-South},
  author={Chun, Mark and Toomey, Doug and Wahhaj, Zahed and Biller, Beth and Artigau, Etienne and Hayward, Tom and Liu, Mike and Close, Laird and Hartung, Markus and Rigaut, Francois and others},
  journal={arXiv preprint arXiv:0809.3017},
  year={2008}
}

@article{saint1993demonstration,
  title={Demonstration of adaptive optics for resolved imagery of solar system objects: preliminary results on Pallas and Titan},
  author={Saint-P{\'e}, O and Combes, M and Rigaut, F and Tomasko, M and Fulchignoni, M},
  journal={Icarus},
  volume={105},
  number={2},
  pages={263--270},
  year={1993},
  publisher={Elsevier}
}

@article{steinbring2002characterizing,
  title={Characterizing the Adaptive Optics Off-Axis Point-Spread Function. I. A Semiempirical Method for Use in Natural Guide Star Observations1, 2},
  author={Steinbring, E and Faber, SM and Hinkley, S and Macintosh, BA and Gavel, D and Gates, EL and Christou, Julian C and Le Louarn, M and Raschke, LM and Severson, Scott A and others},
  journal={Publications of the Astronomical Society of the Pacific},
  volume={114},
  number={801},
  pages={1267--1280},
  year={2002},
  publisher={JSTOR}
}

@article{lai1998adaptive,
  title={Adaptive optics observations of ultra-luminous infrared galaxies I. J, H, K images of Mkn 231},
  author={Lai, O and Rouan, D and Rigaut, F and Arsenault, R and Gendron, E},
  journal={Astronomy and Astrophysics},
  volume={334},
  pages={783--788},
  year={1998}
}

@article{hammer1989probable,
  title={Probable additional gravitational images related to the CL 2244-02 arc and B, V, R photometry of the cluster core},
  author={Hammer, F and Rigaut, F and Le Fevre, O and Jones, J and Soucail, G},
  journal={Astronomy and Astrophysics},
  volume={208},
  pages={L7--L10},
  year={1989}
}

@article{geballe2008k,
  title={The K-band spectrum of the hot star in irs 8: An outsider in the galactic center?},
  author={Geballe, TR and Najarro, F and Rigaut, F and Roy, J-R},
  journal={The Astrophysical Journal},
  volume={652},
  number={1},
  pages={370},
  year={2008},
  publisher={IOP Publishing}
}

@article{melatos2008near,
  title={Near-infrared, kilosecond variability of the wisps and jet in the crab pulsar wind nebula},
  author={Melatos, Andrew and Scheltus, D and Whiting, MT and Eikenberry, SS and Romani, RW and Rigaut, F and Spitkovsky, A and Arons, J and Payne, DJB},
  journal={The Astrophysical Journal},
  volume={633},
  number={2},
  pages={931},
  year={2008},
  publisher={IOP Publishing}
}

@article{ribak1994asteroids,
  title={Asteroids as reference stars for high resolution astronomy},
  author={Ribak, EN and Rigaut, F},
  journal={Astronomy and Astrophysics},
  volume={289},
  pages={L47--L50},
  year={1994}
}

@inproceedings{rousset1990adaptive,
  title={Adaptive optics prototype system for infrared astronomy, I. System description},
  author={Rousset, Gerard and Fontanella, Jean-Claude and Kern, Pierre and Lena, Pierre and Gigan, Pierre and Rigaut, Francois and Gaffard, Jean-Paul and Boyer, Corinne and Jagourel, Pascal and Merkle, Fritz},
  journal={Proceedings of SPIE- The International Society for Optical Engineering},
  booktitle={Proc. SPIE},
  volume={1237},
  pages={336--344},
  year={1990}
}

@article{angonin1999origin,
  title={About the origin of extinction in the gravitational lens system MG J0414+ 0534},
  author={Angonin-Willaime, M-C and Vanderriest, C and Courbin, F and Burud, I and Magain, Pierre and Rigaut, F},
  journal={Astronomy and Astrophysics},
  volume={347},
  pages={434--441},
  year={1999}
}

@article{geballe2008bow,
  title={A Bow Shock of Heated Dust Surrounding Galactic Center Source IRS 8},
  author={Geballe, TR and Rigaut, F and Roy, J-R and Draine, BT},
  journal={The Astrophysical Journal},
  volume={602},
  number={2},
  pages={770},
  year={2008},
  publisher={IOP Publishing}
}

@article{olsen2007stellar,
  title={Stellar Crowding and the Science Case for Extremely Large Telescopes},
  author={Olsen, Knut AG and Blum, Robert D and Rigaut, Fran{\c{c}}ois},
  journal={The Astronomical Journal},
  volume={126},
  number={1},
  pages={452},
  year={2007},
  publisher={IOP Publishing}
}

@article{lai1999adaptive,
  title={Adaptive optics observations of luminous infrared galaxies. II. Imaging of the merging galaxy Arp 299},
  author={Lai, O and Rouan, D and Rigaut, F and Doyon, R and Lacombe, F},
  journal={Astronomy and Astrophysics},
  volume={351},
  pages={834--840},
  year={1999}
}

@inproceedings{stoesz2004evaluation,
  title={Evaluation of the on-sky performance of Altair},
  author={Stoesz, Jeffrey A and Veran, Jean-Pierre and Rigaut, Francois J and Herriot, Glen and Jolissaint, Laurent and Frenette, Danielle and Dunn, Jennifer and Smith, Malcolm},
  booktitle={Proc. SPIE},
  pages={67--78},
  year={2004},
  organization={International Society for Optics and Photonics}
}

@inproceedings{artigau2008nici,
  title={NICI: combining coronagraphy, ADI, and SDI},
  author={Artigau, Etienne and Biller, Beth A and Wahhaj, Zahed and Hartung, Markus and Hayward, Thomas L and Close, Laird M and Chun, Mark R and Liu, Michael C and Trancho, Gelys and Rigaut, Fran{\c{c}}ois and others},
  booktitle={Proc. SPIE},
  pages={70141Z--70141Z},
  year={2008},
  organization={International Society for Optics and Photonics}
}

@article{ellerbroek2000astronomy,
  title={Astronomy: Optics adapt to the whole sky},
  author={Ellerbroek, Brent and Rigaut, Fran{\c{c}}ois},
  journal={Nature},
  volume={403},
  number={6765},
  pages={25--26},
  year={2000},
  publisher={Nature Publishing Group}
}

@inproceedings{kern1990adaptive1,
  title={Adaptive optics prototype system for infrared astronomy, I: system description},
  author={Kern, Pierre Y and Lena, Pierre J and Gigan, Pierre and Rigaut, Francois J and Fontanella, Jean-Claude and Gaffard, Jean-Paul and Boyer, Corinne and Jagourel, Pascal and Merkle, Fritz and Tyson, Robert K and others},
  booktitle={Proc. SPIE},
  year={1990},
  publisher={SPIE}
}

@article{flicker2005anisoplanatic,
  title={Anisoplanatic deconvolution of adaptive optics images},
  author={Flicker, Ralf C and Rigaut, Fran{\c{c}}ois J},
  journal={JOSA A},
  volume={22},
  number={3},
  pages={504--513},
  year={2005},
  publisher={Optical Society of America}
}

@article{rigaut1992visible,
  title={Visible and infrared wavefront sensing for astronomical adaptive optics},
  author={Rigaut, F and Cuby, JG and Caes, M and Monin, JL and Vittot, M and Richard, JC and Rousset, G and Lena, P},
  journal={Astronomy and Astrophysics},
  volume={259},
  pages={L57--L60},
  year={1992}
}

@inproceedings{kern1990adaptive2,
  title={Adaptive optics prototype system for IR astronomy II. First observing results},
  author={Kern, P and Rigaut, F and Lena, P and Merkle, Fritz and Rousset, Gerard},
  journal={Proceedings of SPIE- The International Society for Optical Engineering.},
  booktitle={Proc. SPIE},
  volume={1237},
  pages={345--355},
  year={1990}
}


@article{merkle1989successful,
  title={Successful tests of adaptive optics.},
  author={Merkle, F and Kern, P and L{\'e}na, P and Rigaut, F and Fontanella, JC and Rousset, G and Boyer, C and Gaffard, JP and Jagourel, P},
  journal={The Messenger},
  volume={58},
  pages={1--4},
  year={1989}
}

@inproceedings{bec2008gemini2,
  title={The Gemini MCAO bench: system overview and lab integration},
  author={Bec, Matthieu and Rigaut, F and Galvez, Ramon and Arriagada, Gustavo and Boccas, Maxime and Gausachs, Gaston and Gratadour, Damien and James, Eric and Rojas, Roberto and Rogers, Rolando and others},
  journal={Proc. SPIE},
  booktitle={Proc. SPIE},
  volume={7015},
  pages={701568--1},
  year={2008}
}

@article{hammer1995imaging,
  title={Imaging and spectroscopy of B 1422+ 231 at CFHT: identification of the mirage and of the lensing galaxy at z= 0.647.},
  author={Hammer, F and Rigaut, F and Angonin-Willaime, M-C and Vanderriest, C},
  journal={Astronomy and Astrophysics},
  volume={298},
  pages={737},
  year={1995}
}

@inproceedings{boccas2008gems,
  title={GeMS: Gemini Mcao System: current status and commissioning plans},
  author={Boccas, Maxime and Rigaut, Fran{\c{c}}ois and Gratadour, Damien and d'Orgeville, C{\'e}line and Bec, Matthieu and Daruich, Felipe and Perez, Gabriel and Arriagada, Gustavo and Bombino, Stacy and Carter, Chris and others},
  journal={Proc. SPIE},
  booktitle={Proc. SPIE},
  volume={7015},
  pages={70150X},
  year={2008}
}

@inproceedings{carbillet1999la3os2,
  title={La3os2: a software package for laser guide star adaptive optics systems},
  author={Carbillet, Marcel and Femenia, Bruno and Delplancke, Francoise and Esposito, Simone and Fini, Luca and Riccardi, Armando and Vernet-Viard, Elise and Hubin, Norbert N and Rigaut, Francois J},
  booktitle={Proc. SPIE},
  pages={378--389},
  year={1999},
  organization={International Society for Optics and Photonics}
}

@article{lai1997cfht,
  title={CFHT adaptive optics: first results at the telescope},
  author={Lai, O and Veran, Jean-Pierre and Rigaut, Francois J and Rouan, Daniel and Gigan, Pierre and Lacombe, Francois and Lena, Pierre J and Arsenault, Robin and Salmon, Derrick A and Thomas, James and others},
  journal={Optical Telescopes of Today and Tomorrow},
  pages={859--870},
  year={1997}
}

@inproceedings{gendron1991come,
  title={Come-On-Plus project: an upgrade of the Come-On adaptive optics prototype system},
  author={Gendron, Eric and Cuby, Jean Gabriel and Rigaut, Francois J and Lena, Pierre J and Fontanella, Jean-Claude and Rousset, Gerard and Gaffard, Jean-Paul and Boyer, Corinne and Richard, Jean-Claude and Vittot, M and others},
  booktitle={Proc. SPIE},
  pages={297--307},
  year={1991},
  organization={International Society for Optics and Photonics}
}

@article{beletic2005ultimate,
  title={The Ultimate CCD for Laser guide star wavefront sensing on Extremely Large Telescopes},
  author={Beletic, James W and Adkins, Sean and Burke, Barry and Reich, Robert and Kosicki, Bernie and Suntharalingham, Vyshnavi and Bleau, Charlie and DuVarney, Ray and Stover, Richard and Nelson, Jerry and others},
  journal={Experimental Astronomy},
  volume={19},
  number={1},
  pages={103--109},
  year={2005},
  publisher={Springer}
}

@inproceedings{perrin2003ohana,
  title={'OHANA phase II: a prototype demonstrator of fiber-linked interferometry between very large telescopes},
  author={Perrin, Guy S and Lai, Olivier and Woillez, Julien and Guerin, Jean and Reynaud, Francois and Ridgway, Stephen T and Lena, Pierre J and Wizinowich, Peter L and Tokunaga, Alan T and Nishikawa, Jun and others},
  booktitle={Proc. SPIE},
  pages={1290--1295},
  year={2003},
  organization={International Society for Optics and Photonics}
}

@article{pedersen1988seeing,
  title={Seeing measurements with a differential image motion monitor.},
  author={Pedersen, H and Rigaut, F and Sarazin, M},
  journal={The Messenger},
  volume={53},
  pages={8--9},
  year={1988}
}

@inproceedings{rigaut2011gemini2,
  title={Gemini South MCAO on-sky results},
  author={Rigaut, Fran{\c{c}}ois},
  booktitle={AO4ELT 2},
  volume={1},
  pages={2},
  year={2011}
}

@article{ragazzoni1998fixing,
  title={Fixing the LGS tilt problem using tomography},
  author={Ragazzoni, Roberto and Rigaut, Fran{\c{c}}ois},
  journal={Astronomy and Astrophysics},
  volume={338},
  pages={L100--L102},
  year={1998}
}

%@article{merline2002s,
%  title={S/2002 (3749) 1},
%  author={Merline, WJ and Close, LM and Siegler, N and Dumas, C and Chapman, C and Rigaut, F and Menard, F and Owen, WM and Slater, DC},
%  journal={International Astronomical Union Circular},
%  volume={7827},
%  pages={2},
%  year={2002}
%}

@inproceedings{neichel2010reconstruction,
  title={Reconstruction strategies for gems},
  author={Neichel, Benoit and Rigaut, Francois and Bec, Matthieu and Garcia-Rissmann, Aurea},
  journal={AO4ELT conference, EDP Sciences},
  booktitle={AO4ELT},
  volume={1},
  pages={02010},
  year={2010}
}

@inproceedings{bonaccini1998curvature,
  title={Curvature adaptive optics at ESO},
  author={Bonaccini, Domenico and Rigaut, Francois J and Dudziak, Gregory and Monnet, Guy J},
  booktitle={Proc. SPIE},
  pages={553--560},
  year={1998},
  organization={International Society for Optics and Photonics}
}

@inproceedings{sechaud1992wavefront,
  title={Wavefront sensing in imaging through the atmosphere: a detector strategy},
  author={Sechaud, Marc and Rousset, Gerard and Michau, Vincent and Fontanella, Jean-Claude and Cuby, Jean Gabriel and Rigaut, Francois J and Richard, Jean-Claude},
  booktitle={Proc. SPIE},
  pages={479--490},
  year={1992},
  organization={International Society for Optics and Photonics}
}

@inproceedings{d2003preliminary,
  title={Preliminary results of the 2001-2002 Gemini sodium monitoring campaign at Cerro Tololo, Chile},
  author={d'Orgeville, Celine and Rigaut, Francois J and Boccas, Maxime and Dainty, Christopher and Figueroa, Enrique and Flicker, Ralf and Gregory, Brooke and Michaille, Laurent and Quartel, John C and Tokovinin, Andrei A and others},
  booktitle={Proc. SPIE},
  pages={492--503},
  year={2003},
  organization={International Society for Optics and Photonics}
}

@inproceedings{rigaut1999seeing,
  title={Seeing constraints in adaptive optics calibrations},
  author={Rigaut, Francois and Sarazin, Marc},
  booktitle={European Southern Observatory Conference and Workshop Proceedings},
  volume={56},
  pages={383},
  year={1999}
}

@inproceedings{d1999gemini,
  title={Gemini Mauna Kea laser guide star system},
  author={d'Orgeville, Celine and Chun, Mark R and Sebag, Jacques and Boyer, Corinne and Montgomery, David and Oschmann, Jacobus M and Rigaut, Francois J and Simons, Douglas A},
  booktitle={Proc. SPIE},
  pages={150--160},
  year={1999},
  organization={International Society for Optics and Photonics}
}

@inproceedings{rigaut2010sample,
  title={A sample of gems calibrations and control schemes},
  author={Rigaut, Francois and Neichel, Benoit and Bec, Matthieu and Boccas, Maxime and Garcia-Rissmann, Aurea and Gratadour, Damien},
  journal={1st AO4ELT conference-Adaptative Optics for Extremely Large Telescopes], Clenet, Y., Conan, J.-M., Fusco, T., and Rousset, G., eds., EDP Sciences},
  booktitle={Proc. SPIE},
  volume={1},
  pages={08001},
  year={2010}
}

@inproceedings{christou1998deconvolution,
  title={Deconvolution of ADONIS images},
  author={Christou, Julian C and Marchis, Franck and Ageorges, Nancy and Bonaccini, Domenico and Rigaut, Francois J},
  booktitle={Proc. SPIE},
  volume={3353},
  pages={984--993},
  year={1998}
}

@inproceedings{veran1997estimation2,
  title={Estimation of the adaptive optics long exposure point spread function using control loop data: recent developments},
  author={Veran, Jean-Pierre and Rigaut, Francois J and Maitre, Henri and Rouan, Daniel},
  booktitle={Proc. SPIE},
  pages={81--93},
  year={1997},
  publisher={SPIE INTERNATIONAL SOCIETY FOR OPTICAL}
}

@inproceedings{rousset1992come1,
  title={The Come-On-Plus project},
  author={Rousset, G and Madec, P-Y and Beuzit, J-L and Cuby, J-G and Gigan, P and L{\'e}na, P and Rigaut, F and Boyer, C and Gaffard, J-P and Richard, J-C and others},
  booktitle={Adaptive Optics for Large Telescopes Topical Meeting},
  volume={1},
  pages={106--108},
  year={1992}
}

@inproceedings{conan2012giant,
  title={The Giant Magellan Telescope laser tomography adaptive optics system},
  author={Conan, R and Bennet, F and Bouchez, AH and van Dam, MA and Espeland, B and Gardhouse, W and d'Orgeville, C and Parcell, S and Piatrou, P and Price, I and others},
  booktitle={Proc. SPIE},
  pages={84473P--84473P},
  year={2012},
  organization={International Society for Optics and Photonics}
}

@inproceedings{rousset1992come2,
  title={The COME-ON-PLUS Project: An Adaptive Optics System for a 4 meter Class Telescope},
  author={Rousset, G and Madec, P-Y and Beuzit, J-L and Cuby, J-G and Gigan, P and L{\'e}na, P and Rigaut, F and Boyer, C and Gaffard, J-P and Richard, J-C and others},
  booktitle={European Southern Observatory Conference and Workshop Proceedings},
  volume={42},
  pages={403},
  year={1992}
}

@inproceedings{van2010modeling,
  title={Modeling the adaptive optics systems on the Giant Magellan Telescope},
  author={Van Dam, Marcos A and Hinz, Philip M and Codona, Johanan L and Hart, Michael and Garcia-Rissmann, Aurea and Johns, Matt W and Shectman, Stephen A and Bouchez, Antonin H and McLeod, Brian A and Rigaut, Francois},
  booktitle={Proc. SPIE},
  pages={773642--773642},
  year={2010},
  organization={International Society for Optics and Photonics}
}

@inproceedings{rigaut1992latest,
  title={Latest results of the COME-ON experiment},
  author={Rigaut, F and Lena, P and Madec, PY and Rousset, G and Gendron, E and Merkle, F},
  booktitle={European Southern Observatory Conference and Workshop Proceedings},
  volume={42},
  pages={399},
  year={1992}
}

@inproceedings{rigaut2000adaptive,
  title={Adaptive optics challenges for the ELTs},
  author={Rigaut, Francois and Ragazzoni, R and Chun, Mark and Mountain, Matt},
  booktitle={European Southern Observatory Conference and Workshop Proceedings},
  volume={57},
  pages={168},
  year={2000}
}

@article{rigaut2005practical,
  title={On practical aspects of laser guide stars},
  author={Rigaut, Fran{\c{c}}ois and d'Orgeville, C{\'e}line},
  journal={Comptes Rendus Physique},
  volume={6},
  number={10},
  pages={1089--1098},
  year={2005},
  publisher={Elsevier}
}

@inproceedings{bec2008gemini1,
  title={Gemini all-sky camera for laser guide star operation},
  author={Bec, Matthieu and Rigaut, Francois J and Trancho, Gelys and Boccas, Maxime and Collao, Fabian and Daruich, Felipe and d'Orgeville, C{\'e}line and Lazo, Manuel and Maltes, Diego and Perez, Gabriel and others},
  booktitle={Proc. SPIE},
  pages={70192C--70192C},
  year={2008},
  organization={International Society for Optics and Photonics}
}

@article{rigaut2003bow,
  title={A Bow Shock of Heated Dust Surrounding IRS 8},
  author={Rigaut, F and Geballe, TR and Roy, J-R and Draine, BT},
  journal={Astronomische Nachrichten},
  volume={324},
  number={S1},
  pages={551--555},
  year={2003},
  publisher={Wiley Online Library}
}

@article{merkle1990adaptive1,
  title={Adaptive optics at the ESO 3.6-m telescope.},
  author={Merkle, F and Gehring, G and Rigaut, F and Kern, P and Gigan, P and Rousset, G and Boyet, C},
  journal={The Messenger},
  volume={60},
  pages={9--12},
  year={1990}
}

@inproceedings{neichel2011kalman,
  title={Kalman and H-infinity controllers for GeMS},
  author={Neichel, Benoit and Rigaut, Francois and Guesalaga, Andres and Rodriguez, Ignacio and Guzman, Daniel},
  booktitle={Applied Industrial Optics: Spectroscopy, Imaging and Metrology},
  year={2011},
  organization={Optical Society of America}
}

@inproceedings{angonin1993ground,
  title={Ground-based optical observations of gravitational lenses},
  author={Angonin-Willaime, M-C and Hammer, F and Rigaut, F},
  booktitle={Liege International Astrophysical Colloquia},
  volume={31},
  pages={85},
  year={1993}
}

@article{diolaiti1999algorithm,
  title={An algorithm for crowded stellar fields analysis},
  author={Diolaiti, E and Bendinelli, O and Bonaccini, D and Parmeggiani, G and Rigaut, F},
  journal={Astronomy with Adaptive Optics: present results and future programs},
  pages={175},
  year={1999},
  publisher={Citeseer}
}

@inproceedings{trujillo2007science,
  title={Science using the Gemini North laser adaptive optics system},
  author={Trujillo, Chadwick A and Rigaut, F and Gratadour, D and Hartung, M},
  booktitle={Bulletin of the American Astronomical Society},
  volume={38},
  pages={748},
  year={2007}
}

@inproceedings{gratadour2010fratricide,
  title={Fratricide effect on ELTs},
  author={Gratadour, Damien and Gendron, Eric and Rousset, Gerard and Rigaut, Francois},
  journal={AO4ELT1},
  booktitle={AO4ELT1},
  pages={04005},
  year={2010}
}

@article{maillard2003galactic,
  title={The Galactic Center Source IRS 13E: a Star Cluster},
  author={Maillard, Jean-Pierre and Paumard, Thibaut and Stolovy, Susan and Rigaut, Fran{\c{c}}ois},
  journal={Astronomische Nachrichten},
  volume={324},
  number={S1},
  pages={263--269},
  year={2003},
  publisher={Wiley Online Library}
}

@inproceedings{trujillo2006gemini,
  title={Gemini North Laser Adaptive Optics Performance: First Science Data},
  author={Trujillo, Chadwick A and Rigaut, Fran{\c{c}}ois and Gratadour, Damien and Bec, M and Beck, T and Chan, S and Matulonis, A and Trancho, G and Walls, B and Stephens, A and others},
  booktitle={Bulletin of the American Astronomical Society},
  volume={38},
  pages={1076},
  year={2006}
}

@inproceedings{lai1996cfht,
  title={CFHT adaptive optics integration and characterization},
  author={Lai, O and Arsenault, R and Rigaut, F and Salmon, D and Thomas, J and Gigan, P and Rouan, D and Crampton, D and Fletcher, JM and Stilburn, J and others},
  booktitle={European Southern Observatory Conference and Workshop Proceedings},
  volume={54},
  pages={491},
  year={1996}
}

@inproceedings{merline2002discovery,
  title={Discovery of a loosely-bound companion to main-belt Asteroid (3749) Balam},
  author={Merline, WJ and Close, LM and Siegler, N and Dumas, C and Chapman, CR and Rigaut, F and Menard, F and Owen, WM and Slater, DC and Durda, DD},
  booktitle={Bulletin of the American Astronomical Society},
  volume={34},
  pages={835},
  year={2002}
}

@article{beletic2006ultimate,
  title={The Ultimate CCD for Laser guide star wavefront sensing on Extremely Large Telescopes},
  author={Beletic, James and Adkins, Sean and Burke, Barry and Reich, Robert and Kosicki, Bernie and Suntharalingham, Vyshnavi and Bleau, Charlie and DuVarney, Ray and Stover, Richard and Nelson, Jerry and others},
  journal={Scientific detectors for astronomy 2005},
  pages={329--336},
  year={2006},
  publisher={Springer}
}

@inproceedings{rigaut1992astrophysical,
  title={Astrophysical results with COME-ON},
  author={Rigaut, F and Combes, M and Dougados, C and L{\'e}na, P and Mariotti, J-M and Saint-P{\'e}, O and Alloin, D and Malbet, F and Bertout, C and Gallais, P and others},
  booktitle={European Southern Observatory Conference and Workshop Proceedings},
  volume={42},
  pages={479},
  year={1992}
}

@inproceedings{jensen2008current,
  title={Current and future facility instruments at the Gemini Observatory},
  author={Jensen, Joseph B and Kleinman, Scot J and Simons, Douglas A and Lazo, Manuel and Rigaut, Fran{\c{c}}ois and White, John K},
  booktitle={Proc. SPIE},
  pages={701405--701405},
  year={2008},
  organization={International Society for Optics and Photonics}
}

@inproceedings{lagrange1998astronomical,
  title={Astronomical constraints for the design of the VLT-NAOS adaptive optics system},
  author={Lagrange, Anne-Marie and Mouillet, David and Beuzit, Jean-Luc and Forveille, Thierry and Menard, Francois and Rouan, Daniel and Petitjean, Patrick and Rigaut, Francois J and Drossart, Pierre and Conan, Jean-Marc and others},
  booktitle={Proc. SPIE},
  volume={3353},
  pages={591--599},
  year={1998}
}

@article{cortes2012atmospheric,
  title={Atmospheric turbulence profiling using multiple laser star wavefront sensors},
  author={Cort{\'e}s, Angela and Neichel, Benoit and Guesalaga, Andr{\'e}s and Osborn, James and Rigaut, Francois and Guzman, Dani},
  journal={Monthly Notices of the Royal Astronomical Society},
  volume={427},
  number={3},
  pages={2089--2099},
  year={2012},
  publisher={Oxford University Press}
}

@article{cotera2001gemini,
  title={Gemini North Galactic Center Demonstration Science Project},
  author={Cotera, Angela and Rigaut, Francois},
  journal={Galactic Center Newsletter},
  volume={12},
  pages={4--6},
  year={2001}
}

@inproceedings{lacombe1990advances,
  title={Advances in IR technology at Paris Observatory},
  author={Lacombe, Francois and Combes, Jean-Michel and Lena, Pierre J and Rigaut, Francois J and Rouan, Daniel and Tessier, Eric M and Tiphene, Didier},
  booktitle={Proc. SPIE},
  pages={187--192},
  year={1990},
  organization={International Society for Optics and Photonics}
}

@article{rigaut2013upper,
  title={An upper limit to the sodium layer longitudinal and transversal altitude structure function from MCAO data},
  author={Rigaut, Francois and Neichel, Benoit},
  journal={Monthly Notices of the Royal Astronomical Society: Letters},
  volume={432},
  number={1},
  pages={L21--L25},
  year={2013},
  publisher={Oxford University Press}
}

@article{davidge2013haffner,
  title={Haffner 16: A Young Moving Group in the MakingBased on observations obtained at the Gemini Observatory, which is operated by the Association of Universities for Research in Astronomy, Inc., under a cooperative agreement with the NSF on behalf of the Gemini partnership: the National Science Foundation (United States), the National Research Council (Canada), CONICYT (Chile), the Australian Research Council (Australia), Minist{\'e}rio da Ci{\^e}ncia, Tecnologia e Inova{\c{c}}{\~a}o (Brazil), and Ministerio de Ciencia, Tecnolog{\'\i}a e Innovaci{\'o}n Productiva (Argentina).},
  author={Davidge, TJ and Carrasco, Eleazar R and Winge, Claudia and Pessev, Peter and Neichel, Benoit and Vidal, Fabrice and Rigaut, Francois},
  journal={Publications of the Astronomical Society of the Pacific},
  volume={125},
  number={932},
  pages={1181},
  year={2013},
  publisher={IOP Publishing}
}

@article{lai2013adaptive,
  title={Adaptive Optics Observations},
  author={Lai, Olivier and Daniel Rouan, Eric Gendron' and Rigaut, Fran{\c{c}}ois},
  journal={Science with the VLT Interferometer: Proceedings of the ESO Workshop Held at Garching, Germany, 18--21 June 1996},
  pages={119},
  year={2013},
  publisher={Springer Science \& Business Media}
}

@article{rigaut2005applied,
  title={Applied LGS MCAO},
  author={Rigaut, Fran{\c{c}}ois},
  journal={CR Physique},
  volume={6},
  year={2005}
}

@inproceedings{christou2011effect,
  title={The effect of the instrument environment on the Altair AO system},
  author={Christou, J and Trujillo, C and Neichel, B and Rigaut, F and Walls, B and Coulson, D and White, J and Stephens, A and Sheehan, M},
  journal={AO4ELT2},
  booktitle={AO4ELT2},
  pages={25--30},
  year={2011}
}

@inproceedings{rigaut1997review,
  title={Review of astronomical adaptive optics systems on medium-sized (1.5-5 m) telescopes},
  author={Rigaut, Francois},
  journal={ESO Conference proc. on Laser Technology for Laser Guide Star Adaptive Optics},
  booktitle={ESO Conference Proc},
  volume={55},
  pages={1},
  year={1997}
}

@inproceedings{rigaut1996first,
  title={First results of the CFHT adaptive optics bonnette on the telescope},
  author={Rigaut, Francois and Salmon, Derrick and Arsenault, Robin and McArthur, Scot and Thomas, Jim and Lai, Olivier and Rouan, Daniel and Gigan, Pierre and Veran, Jean-Pierre and Crampton, David and others},
  journal={OSA, Adaptive Optics},
  booktitle={OSA Proc.},
  volume={13},
  pages={97--99},
  year={1996}
}

@inproceedings{rigaut1994canada2,
  title={The Canada-France-Hawaii Adaptive Optics Bonnette II: Simulations and Control},
  author={Rigaut, Francois and Arsenault, Robin and Kerr, John and Salmon, Derrick and Northcott, Malcolm and Dutil, Yvan and Boyer, Corinne},
  booktitle={Astronomy with the CFHT Adaptive Optics Bonnette},
  volume={1},
  pages={11},
  year={1994}
}

@inproceedings{garcia2010calibration,
  title={Calibration of the mcao canopus bench},
  author={Garcia-Rissmann, Aurea and Rigaut, Fran{\c{c}}ois and Bec, Matthieu and Boccas, Maxime and Galvez, Ramon and Gausachs, Gaston and Gratadour, Damien and Neichel, Benoit},
  journal={1st AO4ELT conference-Adaptative Optics for Extremely Large Telescopes},
  booktitle={AO4ELT1},
  volume={1},
  pages={02012},
  year={2010},
  publisher={EDP Sciences}
}

@inproceedings{neichel2012science,
  title={Science readiness of the Gemini MCAO system: GeMS},
  author={Neichel, Benoit and Rigaut, Fran{\c{c}}ois and Serio, Andrew and Arriagada, Gustavo and Boccas, Maxime and d'Orgeville, C{\'e}line and Fesquet, Vincent and Trujillo, Chadwick and Rambold, William N and Galvez, Ramon L and others},
  booktitle={Proc. SPIE},
  pages={84470W--84470W},
  year={2012},
  organization={International Society for Optics and Photonics}
}

@inproceedings{rigaut2010myst,
  title={MYST: a comprehensive high-level AO control tool for GeMS},
  author={Rigaut, F and Neichel, B and Bec, M and Garcia-Rissmann, A},
  journal={Proc. SPIE},
  booktitle={Proc. SPIE},
  volume={7736},
  pages={77362H},
  year={2010}
}

@inproceedings{merkle1991adaptive,
  title={Adaptive optics system tests at the ESO 3.6-m telescope},
  author={Merkle, Fritz and Gehring, G and Rigaut, F and Lena, P and Rousset, Gerard and Fontanella, Jean-Claude and Gaffard, Jean-Paul},
  journal={Proc. Soc. Photo-Opt. Instrum. Eng},
  booktitle={Proc. SPIE},
  volume={1542},
  pages={308--318},
  year={1991}
}

@inproceedings{veran2005preliminary,
  title={Preliminary commissioning results of Altair},
  author={V{\'e}ran, Jean-Pierre and Rigaut, Fran{\c{c}}ois and Stoesz, Jeffrey and Herriot, Glen and Ellerbroek, Brent},
  journal={Science with Adaptive Optics},
  booktitle={ESO Conf Proc.},
  pages={19--25},
  year={2005},
  publisher={Springer}
}

@inproceedings{hubin1993new,
  title={New adaptive optics prototype system for the ESO 3.6 m telescope: Come-on-Plus},
  author={Hubin, Norbert and Beuzit, Jean-Luc and Gigan, Pierre and L{\'e}na, P and Madec, Pierre-Yves and Rousset, Gerard and Boyer, Corinne and Gaffard, Jean-Paul and Richard, Jean-Claude and Vittot, M and others},
  journal={Proc. SPIE},
  booktitle={Proc. SPIE},
  volume={1780},
  pages={850--861},
  year={1993}
}

@inproceedings{trancho2008gemini,
  title={The Gemini-South MCAO operational model: insights on a new era of telescope operation},
  author={Trancho, Gelys and Bec, Matthieu and Artigau, Etienne and d'Orgeville, Celine and Gratadour, Damien and Rigaut, Francois J and Walls, Brian},
  booktitle={Proc. SPIE},
  pages={70161Q--70161Q},
  year={2008},
  organization={International Society for Optics and Photonics}
}

@article{merkle1991vlt,
  title={The VLT adaptive optics programme.},
  author={Merkle, F and Hubin, N and Gehring, G and Rigaut, F},
  journal={The Messenger},
  volume={65},
  pages={13--14},
  year={1991}
}

@inproceedings{merkle1990adaptive2,
  title={Adaptive optics prototype system for IR astronomy II: first observing results},
  author={Merkle, Fritz and Kern, Pierre Y and Rigaut, Francois J and Lena, Pierre J and Rousset, Gerard},
  booktitle={Proc. SPIE},
  volume={1271},
  pages={232--241},
  year={1990}
}

@inproceedings{rigaut2011gemini1,
  title={The Gemini Multi-Conjugate Adaptive System sees star light},
  author={Rigaut, Francois and Neichel, Benoit and Bec, Matthieu and Boccas, Maxime and d'Orgeville, Celine and Fesquet, Vincent and Galvez, Ramon and Gausachs, Gaston and Trancho, Gelys and Trujillo, Chad and others},
  booktitle={Adaptive Optics: Methods, Analysis and Applications},
  year={2011},
  organization={Optical Society of America}
}

@inproceedings{roth2001hokupa,
  title={Hokupa'a performance and point spread function characterization},
  author={Roth, KC and Guyon, O and Chun, M and Jensen, JB and Jorgensen, I and Rigaut, F and Walther, DM},
  booktitle={Bulletin of the American Astronomical Society},
  volume={33},
  pages={785},
  year={2001}
}

@inproceedings{thatte1998sinfoni,
  title={SINFONI--an Adaptive Optics assisted integral field spectrometer for the VLT},
  author={Thatte, N and Tecza, M and Eisenhauer, F and Mengel, S and Genzel, R and Bonaccini, D and Rigaut, F and Monnet, G},
  booktitle={Astronomische Gesellschaft Meeting Abstracts},
  volume={14},
  year={1998}
}

@article{mcarthur1996adaptive,
  title={Adaptive Optics Bonnette Arrives to CFHT},
  author={McArthur, S and Rigaut, F and Arsenault, R},
  journal={Bulletin d'information du telescope Canada-France-Hawaii},
  volume={35},
  pages={10--13},
  year={1996}
}

@inproceedings{guesalaga2012design,
  title={Design of frequency-based controllers for vibration mitigation at the Gemini-South telescope},
  author={Guesalaga, Andres and Neichel, Benoit and Rigaut, Francois and Osborn, James and Guzman, Dani},
  booktitle={Proc. SPIE},
  pages={844711--844711},
  year={2012},
  organization={International Society for Optics and Photonics}
}


@article{vidal2013gems,
  title={GEMS: FROM THE ON-SKY EXPERIMENTAL SYSTEM TO SCIENCE OPERATION: THE AO POINT OF VIEW.},
  author={Vidal, Fabrice and Neichel, Benoit and Rigaut, Francois and Carrasco, Rodrigo and Winge, Claudia and Pessev, Peter and Serio, Andrew and Arriagada, Gustavo and Moreno, Cristian and Rambold, William and others},
  journal={This conference},
  year={2013}
}

@inproceedings{otarola2013analysis,
  title={ANALYSIS OF “FRATRICIDE EFFECT’OBSERVED WITH GEMS AND ITS RELEVANCE FOR LARGE APERTURE ASTRONOMICAL TELESCOPES},
  author={Ot{\'a}rola, Angel and Neichel, Benoit and Wang, Lianqi and Boyer, Corinne and Ellerbroek, Brent and Rigaut, Fran{\c{c}}ois},
  booktitle={Proceedings of the Third AO4ELT Conference},
  volume={1},
  pages={58},
  year={2013}
}

@inproceedings{hibon2014first,
  title={First performance of the GeMS+ GMOS system},
  author={Hibon, Pascale and Neichel, Benoit and Garrel, Vincent and Prout, Benjamin and Rigaut, Francois and Koning, Alice and Sivo, Gaetano and Gimeno, German and Carrasco, Rodrigo and Winge, Claudia and others},
  booktitle={SPIE Astronomical Telescopes+ Instrumentation},
  pages={91478T--91478T},
  year={2014},
  organization={International Society for Optics and Photonics}
}

@article{neichel2014gems,
  title={GeMS first science results},
  author={Neichel, Benoit and Vidal, Fabrice and Rigaut, Francois and Carrasco, Eleazar Rodrigo and Arriagada, Gustavo and Serio, Andrew and Pessev, Peter and Winge, Claudia and Van Dam, Marcos and Garrel, Vincent and others},
  journal={arXiv preprint arXiv:1401.2009},
  year={2014}
}

@article{neichel2014gemini,
  title={Gemini multiconjugate adaptive optics system review--II. Commissioning, operation and overall performance},
  author={Neichel, Benoit and Rigaut, Fran{\c{c}}ois and Vidal, Fabrice and van Dam, Marcos A and Garrel, Vincent and Carrasco, Eleazar Rodrigo and Pessev, Peter and Winge, Claudia and Boccas, Maxime and d'Orgeville, C{\'e}line and others},
  journal={Monthly Notices of the Royal Astronomical Society},
  volume={440},
  number={2},
  pages={1002--1019},
  year={2014},
  publisher={Oxford University Press}
}

@inproceedings{bennet2014adaptive,
  title={Adaptive optics for space debris tracking},
  author={Bennet, Francis and D’Orgeville, Celine and Gao, Yue and Gardhouse, William and Paulin, Nicolas and Price, Ian and Rigaut, Francois and Ritchie, Ian T and Smith, Craig H and Uhlendorf, Kristina and others},
  booktitle={SPIE Astronomical Telescopes+ Instrumentation},
  pages={91481F--91481F},
  year={2014},
  organization={International Society for Optics and Photonics}
}

@inproceedings{lu2014near,
  title={Near-infrared astrometry of star clusters with different flavors of adaptive optics and HST},
  author={Lu, Jessica R and Neichel, Benoit and Anderson, Jay and Sinukoff, Evan and Hosek, Matthew W and Ghez, Andrea M and Rigaut, Francois},
  booktitle={SPIE Astronomical Telescopes+ Instrumentation},
  pages={91480B--91480B},
  year={2014},
  organization={International Society for Optics and Photonics}
}

@inproceedings{d2014sodium,
  title={A sodium laser guide star facility for the ANU/EOS space debris tracking adaptive optics demonstrator},
  author={d'Orgeville, Celine and Bennet, Francis and Blundell, Mark and Brister, Rod and Chan, Amy and Dawson, Murray and Gao, Yue and Paulin, Nicolas and Price, Ian and Rigaut, Francois and others},
  booktitle={SPIE Astronomical Telescopes+ Instrumentation},
  pages={91483E--91483E},
  year={2014},
  organization={International Society for Optics and Photonics}
}

@inproceedings{d2014gender,
  title={Gender equity issues in astronomy: facts, fiction, and what the adaptive optics community can do to close the gap},
  author={d'Orgeville, Celine and Rigaut, Fran{\c{c}}ois and Maddison, Sarah and Masciadri, Elena},
  booktitle={SPIE Astronomical Telescopes+ Instrumentation},
  pages={91481V--91481V},
  year={2014},
  organization={International Society for Optics and Photonics}
}

@inproceedings{conan2014laser,
  title={A laser tomography test bed for extremely large telescopes},
  author={Conan, Rodolphe and Piatrou, Piotr and Rigaut, Francois and Uhlendorf, Kristina},
  booktitle={SPIE Astronomical Telescopes+ Instrumentation},
  pages={91485T--91485T},
  year={2014},
  organization={International Society for Optics and Photonics}
}

@article{neichel2014astrometric,
  title={Astrometric performance of the Gemini multiconjugate adaptive optics system in crowded fields},
  author={Neichel, Benoit and Lu, Jessica R and Rigaut, Fran{\c{c}}ois and Ammons, S Mark and Carrasco, Eleazar R and Lassalle, Emmanuel},
  journal={Monthly Notices of the Royal Astronomical Society},
  volume={445},
  number={1},
  pages={500--514},
  year={2014},
  publisher={Oxford University Press}
}

@inproceedings{carrasco2014gems,
  title={GeMS/GSAOI: from commissioning to operations and science results},
  author={Carrasco, Eleazar R and Neichel, Benoit and Rigaut, Francois and Winge, C and Vidal, Fabrice and Pessev, Peter and Serio, Andrew and Arriagada, Gustavo and Rambold, W and Luhrs, J and others},
  booktitle={Revista Mexicana de Astronomia y Astrofisica Conference Series},
  volume={44},
  pages={208--208},
  year={2014}
}

@inproceedings{bennet2015adaptive,
  title={Adaptive Optics for Satellite Imaging and Space Debris Ranging},
  author={Bennet, Francis and D’Orgeville, C and Price, I and Rigaut, F and Ritchie, I and Smith, C},
  booktitle={Proceedings of the Advanced Maui Optical and Space Surveillance Technologies Conference, held in Wailea, Maui, Hawaii, September 15-18, 2014, Ed.: S. Ryan, The Maui Economic Development Board, id. 2},
  volume={1},
  pages={2},
  year={2015}
}

@inproceedings{zovaro2015simpler,
  title={Simpler Adaptive Optics using a Single Device for Processing and Control},
  author={Zovaro, A and Bennet, F and Rye, D and D'Orgeville, C and Rigaut, F and Price, I and Ritchie, I and Smith, C},
  booktitle={Proceedings of the Advanced Maui Optical and Space Surveillance Technologies Conference, held in Wailea, Maui, Hawaii, September 15-18, 2014, Ed.: S. Ryan, The Maui Economic Development Board, id. 104},
  volume={1},
  pages={104},
  year={2015}
}

@article{bennett2015orbital,
  title={Orbital element generation for an optical and laser tracking object catalogue},
  author={Bennett, JC and Smith, C and Greene, B and Kucharski, D and Rigaut, F and Bennet, F and Sang, J},
  journal={16th Annual Advanced Maui Optical and Space Surveillance Technologies (AMOS)},
  year={2015}
}

@article{bennet2014ground,
  title={Ground based adaptive optic enhanced LIDAR for space environment management},
  author={Bennet, Francis and D’Orgeville, C{\'e}line and Gao, Yue and Gardhouse, William and Paulin, Nicolas and Price, Ian and Rigaut, Francois and Ritchie, Ian and Smith, Craig and Uhlendorf, Kristina and others},
  year={2014},
  publisher={Australian Institute of Physics}
}

@article{hibon2016first,
  title={First Performance of the GeMS+ Gmos System. Part 1. Imaging.},
  author={Hibon, Pascale and Garrel, Vincent and Neichel, Benoit and Prout, Benjamin and Rigaut, Francois and Koning, Alice and Carrasco, Eleazar R and Gimeno, German and Pessev, Peter},
  journal={Monthly Notices of the Royal Astronomical Society},
  pages={stw715},
  year={2016},
  publisher={Oxford University Press}
}



@inproceedings{graves1994uh,
  title={The UH Experimental Adaptive Optics System: First Telescope Results with a Photon-Counting Avalanche Photodiode Array},
  author={Graves, JE and Northcott, MJ and Roddier, C and Roddier, F and Anuskiewicz, J and Monnet, G and Rigaut, F and Madec, PY},
  booktitle={European Southern Observatory Conference and Workshop Proceedings},
  volume={48},
  pages={47},
  year={1994}
}

@inproceedings{rodriguez2011vibration,
  title={Vibration characterization and mitigation at the Gemini-South telescope},
  author={Rodriguez, Ignacio and Neichel, Benoit and Hartung, Markus and Haywards, Thomas and Christou, Julian and Rigaut, Francois and Guzman, Dani and Guesalaga, Andres},
  journal={AO4ELT2 Conference},
  booktitle={AO4ELT2},
  year={2011}
}

@inproceedings{gratadour2007online,
  title={Online centroid gain determination for LGS AO systems},
  author={Gratadour, Damien and Rigaut, Francois},
  booktitle={Adaptive Optics: Methods, Analysis and Applications},
  year={2007},
  organization={Optical Society of America}
}

@article{guesalaga2012comparison,
  title={Comparison of vibration mitigation controllers for adaptive optics systems},
  author={Guesalaga, Andres and Neichel, Benoit and Rigaut, Francois and Osborn, James and Guzman, Dani},
  journal={Applied optics},
  volume={51},
  number={19},
  pages={4520--4535},
  year={2012},
  publisher={Optical Society of America}
}

@inproceedings{rigaut2001atmospheric,
  title={Atmospheric tomography with multi-conjugate adaptive optics},
  author={Rigaut, Francois},
  booktitle={Signal Recovery and Synthesis},
  year={2001},
  organization={Optical Society of America}
}

@inproceedings{thomas1997simplified,
  title={Simplified user interface for CFHT's adaptive optics system},
  author={Thomas, James and Arsenault, Robin and Rigaut, Francois},
  booktitle={Proc. SPIE},
  journal={Adaptive optics and applications},
  pages={135--143},
  year={1997}
}

@inproceedings{rigaut1992results,
  title={Results of the Come-On experiment},
  author={Rigaut, F and Lena, P and Madec, PY and Rousset, G and Gendron, E and Merkle, F},
  booktitle={Adaptive Optics for Large Telescopes Topical Meeting},
  volume={1},
  pages={109--112},
  year={1992}
}

@inproceedings{cortes2011first,
  title={First results on a Cn2 profiler for GeMS},
  author={Cort{\'e}s, Angela and Neichel, Benoit and Guesalaga, Andr{\'e}s and Rigaut, Francois and Guzman, Dani},
  journal={AO4ELT2},
  booktitle={AO4ELT2},
  year={2011}
}

@inproceedings{guesalaga2012improving,
  title={Improving stability, robustness and performance of Laser systems},
  author={Guesalaga, Andres and Neichel, Benoit and Boccas, Maxime and D'Orgeville, Celine and Rigaut, Francois and Guzman, Dani and Anguita, Jaime},
  booktitle={Proc. SPIE},
  pages={84474M--84474M},
  year={2012},
  organization={International Society for Optics and Photonics}
}

@inproceedings{vanderriest1996mapping,
  title={Mapping the Extinction in Dusty Lenses: Optical and IR Imaging of MG J0414+ 0534},
  author={Vanderriest, C and Angonin-Willaime, M-C and Rigaut, F},
  booktitle={Astrophysical Applications of Gravitational Lensing},
  volume={173},
  pages={353},
  year={1996}
}

@article{cox1995further,
  title={Further Spectro-Imagery results on Planetary Nebulae with BEAR},
  author={Cox, P and Maillard, J-P and Rigaut, F},
  journal={Bulletin d'information du telescope Canada-France-Hawaii},
  volume={32},
  pages={18--19},
  year={1995}
}

%@article{cubyanalyse,
%  title={Analyse de surface d'onde. Magnitudes limites},
%  author={Cuby, JG and Kern, P and Rigaut, F and Rousset, G},
%  journal={Tir{\'e} {\`a} part- Office national d'{\'e}tudes et de recherches aerospatiales},
%  publisher={Office national d'{\'e}tudes et de recherches a{\'e}rospatiales}
%}

@inproceedings{ellerbroek2002mcao,
  title={MCAO for Gemini South},
  author={Ellerbroek, BL and Rigaut, FJ and Bauman, BJ and Boyer, C and Browne, SL and Buchroeder, RA and Catone, JW and Clark, P and d Orgeville, C and Gavel, DT},
  journal={PROCEEDINGS-SPIE THE INTERNATIONAL SOCIETY FOR OPTICAL ENGINEERING},
  booktitle={Proc. SPIE},
  number={1},
  pages={55--66},
  year={2002},
  publisher={International Society for Optical Engineering; 1999}
}

@article{damjanov2011extragalactic,
  title={Extragalactic Fields Optimized for Adaptive Optics},
  author={Damjanov, Ivana and Abraham, Roberto G and Glazebrook, Karl and McGregor, Peter and Rigaut, Francois and McCarthy, Patrick J and Brinchmann, Jarle and Cuillandre, Jean-Charles and Mellier, Yannick and McCracken, Henry Joy and others},
  journal={Publications of the Astronomical Society of the Pacific},
  volume={123},
  number={901},
  pages={348--365},
  year={2011},
  publisher={JSTOR}
}

@inproceedings{graves2000first,
  title={First light for Hokupa'a 36 on Gemini North},
  author={Graves, JE and Northcott, MJ and Roddier, FJ and Roddier, CA and Potter, D and O Connor, DJ and Rigaut, FJ and Chun, MR},
  journal={PROCEEDINGS-SPIE THE INTERNATIONAL SOCIETY FOR OPTICAL ENGINEERING},
  booktitle={Proc. SPIE},
  number={1},
  pages={26--30},
  year={2000},
  publisher={International Society for Optical Engineering; 1999}
}

@inproceedings{mclean2008ground,
  title={Ground-based and Airborne Instrumentation for Astronomy II (Proceedings Volume)},
  author={McLean, Ian S and Adkins, Sean M and Moorwood, Alan FM and Takami, Hideki and Jensen, Joseph B and Kleinman, Scot J and Simons, Douglas A and Lazo, Manuel and Rigaut, Fran{\c{c}}ois and White, John K and others},
  booktitle={Proc. SPIE},
  year={2008}
}

@inproceedings{saint1992first,
  title={First direct images of Ceres in near infrared.},
  author={Saint-P{\'e}, O and Combes, M and Rigaut, F},
  booktitle={Bulletin of the American Astronomical Society},
  volume={24},
  pages={874},
  year={1992}
}

%@inproceedings{neicheloptical,
%  title={Optical Design \& Engineering First light for the Gemini Multi-Conjugate Adaptive Optics System},
%  author={Neichel, Benoit and Rigaut, Francois}
%}

@article{kaspi2002gemini,
  title={Gemini IR Detection of 1E 2259+ 586 Post-Burst},
  author={Kaspi, VM and Jensen, J and Rigaut, F and Hatakeyama, A and Woods, PM},
  journal={The Astronomer's Telegram},
  volume={100},
  pages={1},
  year={2002}
}

@inproceedings{saint1992charging,
  title={Charging of dust grains in the solar dust ring and its effect},
  author={Saint-Pe, O and Combes, M and Rigaut, F},
  booktitle={Liege International Astrophysical Colloquia},
  volume={30},
  pages={255},
  year={1992}
}


@article{neichelfirst,
  title={First light for the Gemini Multi-Conjugate Adaptive Optics System},
  author={Neichel, Benoit and Rigaut, Francois},
  booktitle={SPIE newsroom},
  year={2012}
}

@article{hammer1993optical,
  title={Optical Identification of a New Einstein Cross \& Discovery of the Deflecting Galaxy},
  author={Hammer, F and Rigaut, F},
  journal={Bulletin d'information du telescope Canada-France-Hawaii},
  volume={29},
  pages={22--23},
  year={1993}
}

@inproceedings{mariotti1992search,
  title={A Search for Southern Brown Dwarfs in Binary Systems with the Adaptive Optics Prototype Come-On},
  author={Mariotti, JM and Perrier, C and Duquennoy, A and Rigaut, F and Gehring, G and Gallais, P},
  booktitle={ESO Conference and Workshop Proceedings},
  volume={39},
  pages={99},
  year={1992}
}

@article{gehring1991new,
  title={New year's eve with adaptive optics.},
  author={Gehring, G and Rigaut, F},
  journal={The Messenger},
  volume={63},
  pages={76--77},
  year={1991}
}

@article{jensen20021e,
  title={1E 2259+ 586},
  author={Jensen, J and Rigaut, F and Hatakeyama, A and Woods, PM and Kaspi, VM},
  journal={International Astronomical Union Circular},
  volume={7926},
  pages={2},
  year={2002}
}

@inproceedings{hutchings2005altair,
  title={Altair Observations of 3C273},
  author={Hutchings, JB and Stoesz, J and V{\'e}ran, J-P and Rigaut, F},
  journal={Science with Adaptive Optics},
  booktitle={Science with Adaptive Optics},
  pages={344--350},
  year={2005},
  publisher={Springer}
}

@inproceedings{geballe2002bow,
  title={A Bow Shock of Heated Dust Surrounding the Galactic Center Source IRS 8},
  author={Geballe, TR and Rigaut, F and Roy, J-R and Draine, BT},
  booktitle={Bulletin of the American Astronomical Society},
  volume={35},
  pages={571},
  year={2002}
}

@inproceedings{rouan1998close,
  title={A close look at NGC1068 with adaptive optics: dust torus and micro-spiral structure},
  author={Rouan, DANIEL and Lai, OLIVIER and Alloin, DANIELLE and Rigaut, FRANCOIS},
  journal={SYMPOSIUM-INTERNATIONAL ASTRONOMICAL UNION},
  booktitle={Symposium IAU},
  volume={184},
  pages={155--156},
  year={1998},
  publisher={KLUWER ACADEMIC PUBLISHERS GROUP}
}

@inproceedings{arsenault1993canada,
  title={Canada-France-Hawaii telescope adaptive optics instrument adaptor},
  author={Arsenault, R and Salmon, DA and Rigaut, F and Monnet, G},
  journal={PROCEEDINGS-SPIE THE INTERNATIONAL SOCIETY FOR OPTICAL ENGINEERING},
  booktitle={Proc. SPIE},
  pages={364--364},
  year={1993},
  publisher={SPIE INTERNATIONAL SOCIETY FOR OPTICAL}
}

@article{arsenault1993pueo,
  title={PUEO Progress Report},
  author={Arsenault, R and Salmon, D and Rigaut, F and Kerr, J},
  journal={Bulletin d'information du telescope Canada-France-Hawaii},
  volume={29},
  pages={6--7},
  year={1993}
}

@article{rigaut2001science,
  title={The science case for the multi-conjugate adaptive optics system on the Gemini South Telescope},
  author={Rigaut, Francois and Roy, Jean-Rene},
  journal={The science case for the multi-conjugate adaptive optics system on the Gemini South Telescope. Edited by Francois Rigaut and Jean-Rene Roy.[Hilo, HI]: Gemini Observatory, 2001.},
  volume={1},
  year={2001}
}

@article{arsenault1994pueo2,
  title={PUEO: The CFHT Adaptive Optics Bonnette},
  author={Arsenault, R and Kerr, J and Rigaut, F and Salmon, D},
  journal={Bulletin d'information du telescope Canada-France-Hawaii},
  volume={30},
  pages={7--11},
  year={1994}
}

@inproceedings{trujillo2007gemini,
  title={Gemini North Laser Adaptive Optics Performance from First Science Data},
  author={Trujillo, Chadwick A and Rigaut, F and Gratadour, D and others},
  booktitle={Bulletin of the American Astronomical Society},
  volume={38},
  pages={242},
  year={2007}
}

@inproceedings{northcott2000design,
  title={Design and performance of an 85-actuator curvature system},
  author={Northcott, MJ and Graves, JE and Roddier, FJ and Rigaut, FJ},
  journal={PROCEEDINGS-SPIE THE INTERNATIONAL SOCIETY FOR OPTICAL ENGINEERING},
  booktitle={Proc. SPIE},
  number={1},
  pages={126--130},
  year={2000},
  publisher={International Society for Optical Engineering; 1999}
}

%@inproceedings{neichel1asodium,
%  title={Sodium Photon Return, spot elongation and Fratricide effect: First on-sky results with GeMS},
%  author={Neichel1a, B and Rigaut, F and Bec, M and Boccas, M and Fesquet, V and d’Orgeville, C and Trancho, G}
%}

@inproceedings{veran1997estimation1,
  title={Estimation de la r{\'e}ponse impulsionnelle spatiale d'un syst{\`e}me d'optique adaptative {\`a} partir des donn{\'e}es de contr{\^o}le de boucle},
  author={V{\'e}ran, Jean-Pierre and Rigaut, Fran{\c{c}}ois and Ma{\^\i}tre, Henri and Rouan, Daniel},
  journal={16° Colloque sur le traitement du signal et des images, FRA, 1997},
  booktitle={16° Colloque sur le traitement du signal et des images, FRA, 1997},
  year={1997},
  publisher={GRETSI, Groupe d’Etudes du Traitement du Signal et des Images}
}

@article{rigaut2003ten,
  title={Ten Thousand Stars Toward the Galactic Center},
  author={Rigaut, Fran{\c{c}}ois and Blum, Robert and Davidge, Tim and Cotera, Angela},
  journal={Astronomische Nachrichten},
  volume={324},
  number={S1},
  pages={309--313},
  year={2003},
  publisher={Wiley Online Library}
}

@misc{cuillandre2011extragalactic,
  title={Extragalactic Fields Optimized for Adaptive Optics},
  author={Cuillandre, Jean-Charles and Damjanov, Ivana and Abraham, Roberto G and Glazebrook, Karl and McGregor, Peter and Rigaut, Francois and McCarthy, Patrick J and Brinchmann, Jarle and Mellier, Yannick and McCracken, Henry J},
  year={2011},
  publisher={NAVAL OBSERVATORY WASHINGTON DC}
}

%@article{arsenault1994pueo1,
%  title={PUEO progress report.},
%  author={Arsenault, R and Rigaut, F and Salmon, D and Kerr, J},
%  journal={Bulletin d'information du telescope Canada-France-Hawaii},
%  volume={31},
%  pages={4--5},
%  year={1994}
%}

@inproceedings{gratadour2011tomographic,
  title={Tomographic phase diversity for phase retrieval on wide-field AO systems},
  author={Gratadour, Damien and Rigaut, Fran{\c{c}}ois},
  booktitle={Second International Conference on Adaptive Optics for Extremely Large Telescopes. Online at http://ao4elt2. lesia. obspm. fr, id. 49},
  volume={1},
  pages={49},
  year={2011}
}

@inproceedings{maillard2001hel,
  title={The Hel Star Cluster in the Galactic Center Revisited},
  author={Maillard, JP and Paumard, T and Morris, M and Rigaut, F},
  booktitle={Dynamics of Star Clusters and the Milky Way},
  volume={228},
  pages={509},
  year={2001}
}

@inproceedings{lai1997adaptive,
  title={Adaptive Optics Observations of Starburst Galaxies},
  author={Lai, O and Rouan, D and Gendron, E and Rigaut, F},
  booktitle={Science with the VLT Interferometer},
  volume={1},
  pages={119},
  year={1997}
}

@inproceedings{rouan1998high,
  title={High Angular Observations of Active Galactic Nuclei using PUEO, the CFHT Adaptive Optics System},
  author={Rouan, D and Lai, O and Rigaut, F and Alloin, D},
  journal={PROCEEDINGS-SPIE THE INTERNATIONAL SOCIETY FOR OPTICAL ENGINEERING},
  booktitle={Proc. SPIE},
  pages={463--467},
  year={1998},
  publisher={SPIE INTERNATIONAL SOCIETY FOR OPTICAL}
}

@inproceedings{d2002preliminary,
  title={Preliminary results of the 2001-2002 Gemini sodium monitoring campaign at Cerro Tololo, Chile [4839-61]},
  author={d Orgeville, C and Rigaut, FJ and Boccas, M and Dainty, C and Figueroa, E and Flicker, R and Gregory, B and Michaille, L and Quartel, JC and Tokovinin, AA},
  journal={PROCEEDINGS-SPIE THE INTERNATIONAL SOCIETY FOR OPTICAL ENGINEERING},
  booktitle={Proc. SPIE},
  number={1},
  pages={492--503},
  year={2002},
  publisher={International Society for Optical Engineering; 1999}
}

@inproceedings{rigaut1992partial,
  title={Partial Correction with the Adaptive Optics Prototype Come-On},
  author={Rigaut, F and Gendron, E and Lena, P and Madec, PY and Couvee, P and Rousset, G},
  booktitle={European Southern Observatory Conference and Workshop Proceedings},
  volume={39},
  pages={1105},
  year={1992}
}

@inproceedings{neichel2013first,
  title={First On-sky Results with GeMS, the Gemini Multi-conjugate AO System},
  author={Neichel, Benoit and Rigaut, F and Arriagada, G and Serio, A and Araujo, C and Boccas, M and Carrasco, R and Collao, F and Diggs, S and d'Orgeville, C and others},
  booktitle={American Astronomical Society Meeting Abstracts},
  volume={221},
  year={2013}
}

@inproceedings{chun2000curvature,
  title={Curvature-based laser guide star adaptive optics system for Gemini South},
  author={Chun, MR and d Orgeville, C and Ellerbroek, BL and Graves, JE and Northcott, MJ and Rigaut, FJ},
  journal={PROCEEDINGS-SPIE THE INTERNATIONAL SOCIETY FOR OPTICAL ENGINEERING},
  booktitle={Proc. SPIE},
  number={1},
  pages={142--148},
  year={2000},
  publisher={International Society for Optical Engineering; 1999}
}

@inproceedings{boyer2003gemini,
  title={Gemini wavefront sensing subsystems},
  author={Boyer, C and Sebag, J and Rigaut, FJ and Chan, S and Carter, CJ},
  journal={PROCEEDINGS-SPIE THE INTERNATIONAL SOCIETY FOR OPTICAL ENGINEERING},
  booktitle={Proc. SPIE},
  number={1},
  pages={502--513},
  year={2003},
  publisher={International Society for Optical Engineering; 1999}
}

%@article{perrin2003interferometry,
%  title={Interferometry for Optical Astronomy II},
%  author={Perrin, Guy S and Lai, Olivier and Woillez, Julien and Guerin, Jean and Reynaud, Francois and Ridgway, Stephen T and Lena, Pierre J and Wizinowich, Peter L and Tokunaga, Alan T and Nishikawa, Jun and others},
%  year={2003}
%}

%@article{bouvier1997formation,
%  title={Formation et evolution des syst{\`e}mes dinaires: une},
%  author={Bouvier, J and Rigaut, F and Nadeau, D},
%  journal={Bulletin d'information du telescope Canada-France-Hawaii},
%  volume={36},
%  pages={9--10},
%  year={1997}
%}

%@article{merkle1990news,
%  title={News About Adaptive Optics},
%  author={Merkle, F and Rigaut, F},
%  journal={The Messenger},
%  volume={62},
%  pages={64--64},
%  year={1990}
%}

%@article{merlinesession,
%  title={Session 2. Asteroids I Oral, Chair (s): RP Binzel and H. Scholl, Monday, October 7, 2002, 9: 30-11: 00am, Ballroom},
%  author={Merline, WJ and Close, LM and Siegler, N and Chapman, CR and Rigaut, F and Menard, F and Slater, DC and Durda, DD}
%}

@inproceedings{chun2008telluric,
  title={Telluric sodium layer temporal variations},
  author={Chun, Mark and Butterley, Tim and Wilson, Richard and Avila, Remy and Aviles, Jose-Luis and Ellerbroek, Brent and Rigaut, Francois},
  journal={Proceedings of SPIE},
  booktitle={Proc. SPIE},
  volume={7015},
  pages={70154V},
  year={2008}
}

@inproceedings{pessev2013gemini,
  title={Gemini South Adaptive Optics Imager (GSAOI) at Gemini South-Commissioning and Fist Science Results},
  author={Pessev, Peter and Carrasco, R and Winge, C and McGregor, P and Edwards, M and Rigaut, F and Neichel, B and Young, P and Artigau, E and Mauro, F},
  booktitle={American Astronomical Society Meeting Abstracts},
  volume={221},
  year={2013}
}

%@article{bouvier1997k,
%  title={K magnitude of Pleiades low-mass binaries (Bouvier+ 1997)},
%  author={Bouvier, J and Rigaut, F and Nadeau, D},
%  journal={VizieR Online Data Catalog},
%  volume={332},
%  pages={30139},
%  year={1997}
%}

@inproceedings{dorgeville2000lgs,
  title={LGS AO photon return simulations and laser requirements for the Gemini LGS AO program [4007-98]},
  author={d Orgeville, C and Rigaut, FJ and Ellerbroek, BL},
  journal={PROCEEDINGS-SPIE THE INTERNATIONAL SOCIETY FOR OPTICAL ENGINEERING},
  booktitle={Proc. SPIE},
  number={1},
  pages={131--141},
  year={2000},
  publisher={International Society for Optical Engineering; 1999}
}

@inproceedings{lai2003ohana,
  title={OHANA Phase III: scientific operation of an 800-meter Mauna Kea interferometer},
  author={Lai, O and Ridgway, ST and Lena, PJ and Perrin, GS and Fahlman, G and Adamson, AJ and Tokunaga, AT and Nishikawa, J and Wizinowich, PL and Rigaut, FJ},
  journal={PROCEEDINGS-SPIE THE INTERNATIONAL SOCIETY FOR OPTICAL ENGINEERING},
  booktitle={Proc. SPIE},
  number={2},
  pages={1296--1303},
  year={2003},
  publisher={International Society for Optical Engineering; 1999}
}

@article{o1996infrared,
  title={Infrared Observations of C/1995 O1},
  author={O'Meara, Stephen and Rigaut, Francois},
  journal={International Comet Quarterly},
  volume={18},
  pages={209},
  year={1996}
}

@article{neichel2013characterization,
  title={Characterization of the sodium layer at Cerro Pach{\'o}n, and impact on laser guide star performance},
  author={Neichel, Benoit and D'Orgeville, Celine and Callingham, Joseph and Rigaut, Francois and Winge, Claudia and Trancho, Gelys},
  journal={Monthly Notices of the Royal Astronomical Society},
  volume={429},
  number={4},
  pages={3522--3532},
  year={2013},
  publisher={Oxford University Press}
}

@inproceedings{lafreniere2007results,
  title={Results of the Gemini Deep Planet Survey--Constraints on the Existence of Planets on Wide Orbits},
  author={Lafreniere, D and Doyon, R and Marois, C and Nadeau, D and Oppenheimer, BR and Roche, PF and Rigaut, F and Graham, JR and Jayawardhana, R and Johnstone, D and others},
  booktitle={In the Spirit of Bernard Lyot: The Direct Detection of Planets and Circumstellar Disks in the 21st Century},
  volume={1},
  pages={30},
  year={2007}
}

@article{maillard2000review,
  title={A review of the Helium stars in the Galactic Center from BEAR data},
  author={Maillard, JP and Paumard, T and Morris, M and Rigaut, F},
  journal={Bulletin d'information du telescope Canada-France-Hawaii},
  volume={41},
  pages={5--7},
  year={2000}
}

%@inproceedings{saint30present,
%  title={Present and future observations of small solar system bodies using adaptive optics},
%  author={Saint-Pe, Olivier and Combes, Michel and Rigaut, Francois},
%  journal={Proceedings of the Li{\`e}ge International Astrophysical Colloquium},
%  volume={30},
%  publisher={L'Institut}
%}

@inproceedings{neichel2011rayleigh,
  title={Rayleigh scattering, Fratricide effect and spot elongation: first on-sky results with GeMS},
  author={Neichel, B and Rigaut, F},
  booktitle={AO4ELT2},
  volume={1},
  pages={54},
  year={2011}
}

@inproceedings{lagrange1999astrophysical,
  title={Astrophysical Drivers for the VLT/NAOS},
  author={Lagrange, A-M and Mouillet, David and Beuzit, J-L and Forveille, Thierry and Menard, Francois and Rouan, Daniel and Arsenault, Robin and Petitjean, Patrick and Drossart, Pierre and Perrier, Christian and others},
  booktitle={ESO Conference and Workshop Proceedings},
  volume={56},
  pages={255},
  year={1999}
}

@inproceedings{cuby1990surface,
  title={Surface-wave analysis-Limiting magnitudes},
  author={Cuby, JG and Rigaut, F and Kern, P and Rousset, G},
  booktitle={(Observatoire de Paris, Forum de Reflexion sur l'Optique Adaptive et VLT, Paris, France, Apr. 27, 1990) ONERA, TP no. 1990-171, 1990, 7 p. In French.},
  volume={1},
  year={1990}
}


@article{mountain2000adaptive,
  title={Adaptive optics brings full sky into focus},
  author={Mountain, Matt and Rigaut, Fran{\c{c}}ois},
  journal={Physics World},
  pages={25--26},
  year={2000}
}

@inproceedings{delplancke1998laser,
  title={Laser guide star simulations for 8-m class telescopes},
  author={Delplancke, F and Carbillet, M and Hubin, N and Esposito, S and Rigaut, F and Marchetti, E and Riccardi, A and Viard, E and Ragazzoni, R and Le Louarn, M},
  journal={PROCEEDINGS-SPIE THE INTERNATIONAL SOCIETY FOR OPTICAL ENGINEERING},
  booktitle={Proc. SPIE},
  pages={371--383},
  year={1998},
  publisher={SPIE INTERNATIONAL SOCIETY FOR OPTICAL}
}

@article{davidge2008peak,
  title={The Peak Brightness and Spatial Distribution of Asymptotic Giant Branch Stars Near the Nucleus of M32},
  author={Davidge, TJ and Rigaut, F and Chun, M and Brandner, W and Potter, D and Northcott, M and Graves, JE},
  journal={The Astrophysical Journal Letters},
  volume={545},
  number={2},
  pages={L89},
  year={2008},
  publisher={IOP Publishing}
}

@article{davidge2007deep,
  title={Deep ALTAIR+ NIRI Imaging of the Disk and Bulge of M31},
  author={Davidge, TJ and Olsen, KAG and Blum, R and Stephens, AW and Rigaut, F},
  journal={The Astronomical Journal},
  volume={129},
  number={1},
  pages={201},
  year={2007},
  publisher={IOP Publishing}
}

@article{flicker2003tilt,
  title={Tilt anisoplanatism in laser-guide-star-based multiconjugate adaptive optics},
  author={Flicker, RC and Rigaut, FJ and Ellerbroek, BL},
  journal={Astronomy and Astrophysics},
  volume={400},
  number={3},
  pages={1199--1207},
  year={2003},
  publisher={EDP Sciences}
}

@article{flicker2002hokupaa,
  title={Hokupaa Anisoplanatism and Mauna Kea Turbulence Characterization1},
  author={Flicker, RC and Rigaut, FJ},
  journal={Publications of the Astronomical Society of the Pacific},
  volume={114},
  number={799},
  pages={1006--1015},
  year={2002},
  publisher={JSTOR}
}

@article{davidge2004deep,
  title={Deep Near-Infrared Imaging of a Field in the Outer Disk of M82 with the Altair Adaptive Optics System on Gemini-North},
  author={Davidge, Tim J and Stoesz, J and Rigaut, F and Veran, J-P and Herriot, G},
  journal={Publications of the Astronomical Society of the Pacific},
  volume={116},
  number={815},
  pages={1--8},
  year={2004},
  publisher={JSTOR}
}

@article{davidge2008photometric,
  title={Photometric Variability among the Brightest Asymptotic Giant Branch Stars near the Center of M32},
  author={Davidge, TJ and Rigaut, F},
  journal={The Astrophysical Journal Letters},
  volume={607},
  number={1},
  pages={L25},
  year={2008},
  publisher={IOP Publishing}
}

@article{hutchings200460,
  title={60 Milliarcsecond Near-Infrared Imaging of 3C 273 with Altair and Gemini1},
  author={Hutchings, JB and Stoesz, J and Veran, J-P and Rigaut, F},
  journal={Publications of the Astronomical Society of the Pacific},
  volume={116},
  number={816},
  pages={154--160},
  year={2004},
  publisher={JSTOR}
}

@article{rigaut1995comparison,
  title={Comparison of adaptive-optics technologies for large astronomical telescopes},
  author={Rigaut, F and Ellerbroek, BL and Northcott, MJ},
  journal={TECHNICAL DIGEST SERIES-OPTICAL SOCIETY OF AMERICA},
  volume={23},
  pages={207--209},
  year={1995},
  publisher={OPTICAL SOCIETY OF AMERICA}
}

@inproceedings{ellerbroek2000scaling,
  title={Scaling multiconjugate adaptive optics performance estimates to extremely large telescopes},
  author={Ellerbroek, BL and Rigaut, FJ},
  journal={PROCEEDINGS-SPIE THE INTERNATIONAL SOCIETY FOR OPTICAL ENGINEERING},
  booktitle={Proc. SPIE},
  number={2},
  pages={1088--1099},
  year={2000},
  publisher={International Society for Optical Engineering; 1999}
}

@inproceedings{olsen2002stellar,
  title={Stellar Crowding and the Science Case for Extremely Large Telescopes},
  author={Olsen, KAG and Blum, RD and Rigaut, F},
  booktitle={Bulletin of the American Astronomical Society},
  volume={34},
  pages={1131},
  year={2002}
}

@inproceedings{flicker2000comparison,
  title={Comparison of multiconjugate adaptive optics configurations and control algorithms for the Gemini South 8-m telescope},
  author={Elicker, R and Rigaut, FJ and Ellerbroek, BL},
  journal={PROCEEDINGS-SPIE THE INTERNATIONAL SOCIETY FOR OPTICAL ENGINEERING},
  booktitle={Proc. SPIE},
  number={2},
  pages={1032--1043},
  year={2000},
  publisher={International Society for Optical Engineering; 1999}
}

@inproceedings{rigaut2000principles,
  title={Principles, limitations, and performance of multiconjugate adaptive optics},
  author={Rigaut, FJ and Ellerbroek, BL and Flicker, R},
  journal={PROCEEDINGS-SPIE THE INTERNATIONAL SOCIETY FOR OPTICAL ENGINEERING},
  booktitle={Proc. SPIE},
  number={2},
  pages={1022--1031},
  year={2000},
  publisher={International Society for Optical Engineering; 1999}
}

@inproceedings{rigaut2012gems,
  title={GeMS: first on-sky results},
  author={Rigaut, Franҫois and Neichel, Benoit and Boccas, Maxime and d'Orgeville, C{\'e}line and Arriagada, Gustavo and Fesquet, Vincent and Diggs, Sarah J and Marchant, Claudio and Gausach, Gaston and Rambold, William N and others},
  booktitle={SPIE Astronomical Telescopes+ Instrumentation},
  booktitle={Proc. SPIE},
  pages={84470I--84470I},
  year={2012},
  organization={International Society for Optics and Photonics}
}

@inproceedings{kulcsar2012vibrations,
  title={Vibrations in AO control: a short analysis of on-sky data around the world},
  author={Kulcs{\'a}r, Caroline and Sivo, Gaetano and Raynaud, Henri-Fran{\c{c}}ois and Neichel, Beno{\^\i}t and Rigaut, Franҫois and Christou, Julian and Guesalaga, Andres and Correia, Carlos and V{\'e}ran, Jean-Pierre and Gendron, Eric and others},
  booktitle={Proc. SPIE},
  pages={84471C--84471C},
  year={2012},
  organization={International Society for Optics and Photonics}
}
